<?xml version="1.0" encoding="UTF-8"?>
<!DOCTYPE html PUBLIC "-//W3C//DTD XHTML 1.0 Transitional//EN"
    "http://www.w3.org/TR/xhtml1/DTD/xhtml1-transitional.dtd">
<html xmlns="http://www.w3.org/1999/xhtml" xml:lang="en" lang="en">
 <head>
  <title>
</title>
<meta http-equiv="Content-Type" content="text/html;charset=utf-8" />
  <meta name='ocr-system' content='tesseract 3.04.00' />
  <meta name='ocr-capabilities' content='ocr_page ocr_carea ocr_par ocr_line ocrx_word'/>
</head>
<body>
  <div class='ocr_page' id='page_1' title='image "./firstandsecondb01ovidgoog/firstandsecondb01ovidgoog_0025.png"; bbox 0 0 2504 3682; ppageno 0'>
   <div class='ocr_carea' id='block_1_1' title="bbox 182 751 917 828">
    <p class='ocr_par' dir='ltr' id='par_1_1' title="bbox 182 751 917 828">
     <span class='ocr_line' id='line_1_1' title="bbox 182 751 917 828; baseline 0 0"><span class='ocrx_word' id='word_1_1' title='bbox 182 753 365 828; x_wconf 87' lang='lat' dir='ltr'>OVID&#39;S</span> <span class='ocrx_word' id='word_1_2' title='bbox 404 751 917 828; x_wconf 86' lang='lat' dir='ltr'><strong>AUTOBIOGRAPHY.</strong></span> 
     </span>
    </p>
   </div>
   <div class='ocr_carea' id='block_1_2' title="bbox 481 1011 617 1038">
    <p class='ocr_par' dir='ltr' id='par_1_2' title="bbox 481 1011 617 1038">
     <span class='ocr_line' id='line_1_2' title="bbox 481 1011 617 1038; baseline 0 0"><span class='ocrx_word' id='word_1_3' title='bbox 481 1011 617 1038; x_wconf 76' lang='lat'>-000—</span> 
     </span>
    </p>
   </div>
   <div class='ocr_carea' id='block_1_3' title="bbox 284 1218 812 1280">
    <p class='ocr_par' dir='ltr' id='par_1_3' title="bbox 284 1218 812 1280">
     <span class='ocr_line' id='line_1_3' title="bbox 284 1218 812 1280; baseline 0 -13"><span class='ocrx_word' id='word_1_4' title='bbox 284 1219 468 1269; x_wconf 88' lang='lat' dir='ltr'><strong>TRISTIUM</strong></span> <span class='ocrx_word' id='word_1_5' title='bbox 492 1219 602 1267; x_wconf 88' lang='lat' dir='ltr'>LIBER</span> <span class='ocrx_word' id='word_1_6' title='bbox 624 1218 812 1280; x_wconf 82' lang='lat' dir='ltr'><strong>QUARTUS.</strong></span> 
     </span>
    </p>
   </div>
   <div class='ocr_carea' id='block_1_4' title="bbox 531 1387 568 1446">
    <p class='ocr_par' dir='ltr' id='par_1_4' title="bbox 531 1387 568 1446">
     <span class='ocr_line' id='line_1_4' title="bbox 531 1387 568 1446; baseline 0.054 -2"><span class='ocrx_word' id='word_1_7' title='bbox 531 1387 568 1446; x_wconf 91' lang='lat' dir='ltr'><strong>X.</strong></span> 
     </span>
    </p>
   </div>
   <div class='ocr_carea' id='block_1_5' title="bbox 52 1536 869 1816">
    <p class='ocr_par' dir='ltr' id='par_1_5' title="bbox 52 1536 869 1816">
     <span class='ocr_line' id='line_1_5' title="bbox 52 1536 858 1616; baseline -0.004 -19"><span class='ocrx_word' id='word_1_8' title='bbox 52 1543 128 1597; x_wconf 81' lang='lat' dir='ltr'>ILLE</span> <span class='ocrx_word' id='word_1_9' title='bbox 144 1556 203 1616; x_wconf 88' lang='lat' dir='ltr'><strong>ego</strong></span> <span class='ocrx_word' id='word_1_10' title='bbox 219 1537 272 1614; x_wconf 93' lang='lat' dir='ltr'><strong>qui</strong></span> <span class='ocrx_word' id='word_1_11' title='bbox 286 1536 405 1609; x_wconf 84' lang='lat' dir='ltr'><strong>fuerim,</strong></span> <span class='ocrx_word' id='word_1_12' title='bbox 423 1547 598 1597; x_wconf 88' lang='lat' dir='ltr'><strong>tenerorum</strong></span> <span class='ocrx_word' id='word_1_13' title='bbox 614 1538 697 1597; x_wconf 92' lang='lat' dir='ltr'><strong>lusor</strong></span> <span class='ocrx_word' id='word_1_14' title='bbox 712 1556 858 1610; x_wconf 87' lang='lat' dir='ltr'><strong>amorum,</strong></span> 
     </span>
     <span class='ocr_line' id='line_1_6' title="bbox 90 1636 758 1715; baseline 0.001 -19"><span class='ocrx_word' id='word_1_15' title='bbox 90 1657 184 1715; x_wconf 89' lang='lat' dir='ltr'><strong>quem</strong></span> <span class='ocrx_word' id='word_1_16' title='bbox 201 1636 288 1714; x_wconf 79' lang='lat' dir='ltr'><strong>legiS,</strong></span> <span class='ocrx_word' id='word_1_17' title='bbox 305 1647 339 1696; x_wconf 91' lang='lat' dir='ltr'><strong>ut</strong></span> <span class='ocrx_word' id='word_1_18' title='bbox 353 1637 445 1710; x_wconf 90' lang='lat' dir='ltr'><strong>noris,</strong></span> <span class='ocrx_word' id='word_1_19' title='bbox 463 1637 569 1714; x_wconf 91' lang='lat' dir='ltr'>accipe</span> <span class='ocrx_word' id='word_1_20' title='bbox 585 1638 758 1715; x_wconf 80' lang='lat' dir='ltr'><strong>posteritas</strong></span> 
     </span>
     <span class='ocr_line' id='line_1_7' title="bbox 53 1737 869 1816; baseline -0.001 -18"><span class='ocrx_word' id='word_1_21' title='bbox 53 1740 159 1798; x_wconf 89' lang='lat' dir='ltr'><strong>Sulmo</strong></span> <span class='ocrx_word' id='word_1_22' title='bbox 175 1737 252 1795; x_wconf 91' lang='lat' dir='ltr'>mihi</span> <span class='ocrx_word' id='word_1_23' title='bbox 267 1737 366 1813; x_wconf 86' lang='lat' dir='ltr'><strong>patria</strong></span> <span class='ocrx_word' id='word_1_24' title='bbox 381 1748 436 1805; x_wconf 85' lang='lat' dir='ltr'><strong>est,</strong></span> <span class='ocrx_word' id='word_1_25' title='bbox 453 1737 564 1816; x_wconf 87' lang='lat' dir='ltr'><strong>gelidis</strong></span> <span class='ocrx_word' id='word_1_26' title='bbox 580 1738 752 1798; x_wconf 90' lang='lat' dir='ltr'><strong>uberrimus</strong></span> <span class='ocrx_word' id='word_1_27' title='bbox 769 1737 869 1811; x_wconf 88' lang='lat' dir='ltr'><strong>undis,</strong></span> 
     </span>
    </p>
   </div>
   <div class='ocr_carea' id='block_1_6' title="bbox 53 1836 1050 3216">
    <p class='ocr_par' dir='ltr' id='par_1_6' title="bbox 53 1836 1050 3216">
     <span class='ocr_line' id='line_1_8' title="bbox 90 1836 766 1913; baseline 0.001 -16"><span class='ocrx_word' id='word_1_28' title='bbox 90 1839 177 1897; x_wconf 88' lang='lat' dir='ltr'><strong>milia</strong></span> <span class='ocrx_word' id='word_1_29' title='bbox 192 1836 246 1913; x_wconf 90' lang='lat' dir='ltr'><strong>qui</strong></span> <span class='ocrx_word' id='word_1_30' title='bbox 262 1836 368 1896; x_wconf 90' lang='lat' dir='ltr'><strong>novies</strong></span> <span class='ocrx_word' id='word_1_31' title='bbox 384 1837 478 1898; x_wconf 88' lang='lat' dir='ltr'><strong>distat</strong></span> <span class='ocrx_word' id='word_1_32' title='bbox 493 1840 532 1897; x_wconf 87' lang='lat' dir='ltr'><strong>ab</strong></span> <span class='ocrx_word' id='word_1_33' title='bbox 549 1839 634 1898; x_wconf 87' lang='lat' dir='ltr'><strong>Urbe</strong></span> <span class='ocrx_word' id='word_1_34' title='bbox 650 1839 766 1898; x_wconf 89' lang='lat' dir='ltr'><strong>decem.</strong></span> 
     </span>
     <span class='ocr_line' id='line_1_9' title="bbox 53 1938 1050 2016; baseline 0 -16"><span class='ocrx_word' id='word_1_35' title='bbox 53 1941 163 2000; x_wconf 89' lang='lat' dir='ltr'><strong>Editus</strong></span> <span class='ocrx_word' id='word_1_36' title='bbox 179 1938 228 1996; x_wconf 92' lang='lat' dir='ltr'><strong>hic</strong></span> <span class='ocrx_word' id='word_1_37' title='bbox 244 1957 302 2015; x_wconf 88' lang='lat' dir='ltr'><strong>ego</strong></span> <span class='ocrx_word' id='word_1_38' title='bbox 317 1957 393 2011; x_wconf 89' lang='lat' dir='ltr'><strong>sum,</strong></span> <span class='ocrx_word' id='word_1_39' title='bbox 411 1959 468 1999; x_wconf 89' lang='lat' dir='ltr'><strong>nec</strong></span> <span class='ocrx_word' id='word_1_40' title='bbox 484 1959 545 1999; x_wconf 91' lang='lat' dir='ltr'><strong>non</strong></span> <span class='ocrx_word' id='word_1_41' title='bbox 563 1949 597 1998; x_wconf 94' lang='lat' dir='ltr'><strong>ut</strong></span> <span class='ocrx_word' id='word_1_42' title='bbox 612 1949 751 2016; x_wconf 88' lang='lat' dir='ltr'><strong>tempora</strong></span> <span class='ocrx_word' id='word_1_43' title='bbox 766 1938 858 2011; x_wconf 87' lang='lat' dir='ltr'><strong>noris,</strong></span> <span class='ocrx_word' id='word_1_44' title='bbox 1037 1947 1050 2000; x_wconf 83' lang='lat'>5</span> 
     </span>
     <span class='ocr_line' id='line_1_10' title="bbox 91 2039 730 2116; baseline -0.005 -17"><span class='ocrx_word' id='word_1_45' title='bbox 91 2059 163 2099; x_wconf 91' lang='lat' dir='ltr'><strong>cum</strong></span> <span class='ocrx_word' id='word_1_46' title='bbox 179 2039 291 2098; x_wconf 92' lang='lat' dir='ltr'><strong>cecidit</strong></span> <span class='ocrx_word' id='word_1_47' title='bbox 306 2039 371 2098; x_wconf 81' lang='lat' dir='ltr'><strong>fato</strong></span> <span class='ocrx_word' id='word_1_48' title='bbox 388 2041 496 2098; x_wconf 89' lang='lat' dir='ltr'><strong>consul</strong></span> <span class='ocrx_word' id='word_1_49' title='bbox 513 2050 640 2116; x_wconf 89' lang='lat' dir='ltr'><strong>uterque</strong></span> <span class='ocrx_word' id='word_1_50' title='bbox 656 2040 730 2116; x_wconf 88' lang='lat' dir='ltr'><strong>pari.</strong></span> 
     </span>
     <span class='ocr_line' id='line_1_11' title="bbox 53 2139 1000 2217; baseline 0 -19"><span class='ocrx_word' id='word_1_51' title='bbox 53 2139 161 2216; x_wconf 87' lang='lat' dir='ltr'>Siquid</span> <span class='ocrx_word' id='word_1_52' title='bbox 178 2139 210 2197; x_wconf 96' lang='lat' dir='ltr'><strong>id</strong></span> <span class='ocrx_word' id='word_1_53' title='bbox 225 2148 281 2212; x_wconf 88' lang='lat' dir='ltr'><strong>est,</strong></span> <span class='ocrx_word' id='word_1_54' title='bbox 300 2159 398 2216; x_wconf 88' lang='lat' dir='ltr'><strong>usqne</strong></span> <span class='ocrx_word' id='word_1_55' title='bbox 414 2158 432 2197; x_wconf 90' lang='lat' dir='ltr'>a</span> <span class='ocrx_word' id='word_1_56' title='bbox 447 2141 569 2217; x_wconf 85' lang='lat' dir='ltr'>proavis</span> <span class='ocrx_word' id='word_1_57' title='bbox 586 2149 675 2198; x_wconf 89' lang='lat' dir='ltr'><strong>vetus</strong></span> <span class='ocrx_word' id='word_1_58' title='bbox 690 2140 807 2199; x_wconf 88' lang='lat' dir='ltr'>ordinis</span> <span class='ocrx_word' id='word_1_59' title='bbox 823 2141 921 2212; x_wconf 90' lang='lat' dir='ltr'><strong>heres,</strong></span> <span class='ocrx_word' id='word_1_60' title='bbox 998 2176 1000 2180; x_wconf 66' lang='lat'>,</span> 
     </span>
     <span class='ocr_line' id='line_1_12' title="bbox 92 2239 801 2316; baseline 0.001 -18"><span class='ocrx_word' id='word_1_61' title='bbox 92 2259 157 2298; x_wconf 92' lang='lat' dir='ltr'><strong>non</strong></span> <span class='ocrx_word' id='word_1_62' title='bbox 173 2239 265 2298; x_wconf 89' lang='lat' dir='ltr'><strong>modo</strong></span> <span class='ocrx_word' id='word_1_63' title='bbox 280 2240 423 2299; x_wconf 81' lang='lat' dir='ltr'><strong>fortunae</strong></span> <span class='ocrx_word' id='word_1_64' title='bbox 439 2258 565 2299; x_wconf 90' lang='lat' dir='ltr'><strong>munere</strong></span> <span class='ocrx_word' id='word_1_65' title='bbox 580 2241 682 2299; x_wconf 85' lang='lat' dir='ltr'><strong>factus</strong></span> <span class='ocrx_word' id='word_1_66' title='bbox 697 2259 801 2316; x_wconf 89' lang='lat' dir='ltr'><strong>eques.</strong></span> 
     </span>
     <span class='ocr_line' id='line_1_13' title="bbox 54 2339 892 2417; baseline 0.004 -20"><span class='ocrx_word' id='word_1_67' title='bbox 54 2343 120 2398; x_wconf 87' lang='lat' dir='ltr'><strong>Nec</strong></span> <span class='ocrx_word' id='word_1_68' title='bbox 137 2339 230 2417; x_wconf 89' lang='lat' dir='ltr'>stirps</span> <span class='ocrx_word' id='word_1_69' title='bbox 246 2339 344 2417; x_wconf 87' lang='lat' dir='ltr'>prima</span> <span class='ocrx_word' id='word_1_70' title='bbox 359 2340 423 2413; x_wconf 83' lang='lat' dir='ltr'><strong>fni3</strong></span> <span class='ocrx_word' id='word_1_71' title='bbox 446 2340 552 2417; x_wconf 88' lang='lat' dir='ltr'><strong>genito</strong></span> <span class='ocrx_word' id='word_1_72' title='bbox 568 2360 636 2399; x_wconf 90' lang='lat' dir='ltr'><strong>sum</strong></span> <span class='ocrx_word' id='word_1_73' title='bbox 652 2341 746 2399; x_wconf 82' lang='lat' dir='ltr'><strong>fratre</strong></span> <span class='ocrx_word' id='word_1_74' title='bbox 762 2350 892 2413; x_wconf 70' lang='lat' dir='ltr'><strong>creatus</strong></span> 
     </span>
     <span class='ocr_line' id='line_1_14' title="bbox 93 2439 1050 2516; baseline 0.002 -18"><span class='ocrx_word' id='word_1_75' title='bbox 93 2440 147 2516; x_wconf 91' lang='lat' dir='ltr'><strong>qui</strong></span> <span class='ocrx_word' id='word_1_76' title='bbox 164 2439 261 2499; x_wconf 89' lang='lat' dir='ltr'><strong>tribus</strong></span> <span class='ocrx_word' id='word_1_77' title='bbox 277 2451 348 2500; x_wconf 88' lang='lat' dir='ltr'><strong>ante</strong></span> <span class='ocrx_word' id='word_1_78' title='bbox 364 2449 473 2516; x_wconf 86' lang='lat' dir='ltr'><strong>quater</strong></span> <span class='ocrx_word' id='word_1_79' title='bbox 489 2440 647 2501; x_wconf 88' lang='lat' dir='ltr'><strong>mensibus</strong></span> <span class='ocrx_word' id='word_1_80' title='bbox 662 2450 747 2499; x_wconf 91' lang='lat' dir='ltr'><strong>ortus</strong></span> <span class='ocrx_word' id='word_1_81' title='bbox 763 2450 836 2500; x_wconf 89' lang='lat' dir='ltr'><strong>erat.</strong></span> <span class='ocrx_word' id='word_1_82' title='bbox 1019 2453 1050 2489; x_wconf 87' lang='lat'><strong>10</strong></span> 
     </span>
     <span class='ocr_line' id='line_1_15' title="bbox 53 2540 753 2612; baseline 0.001 -14"><span class='ocrx_word' id='word_1_83' title='bbox 53 2540 178 2599; x_wconf 82' lang='lat' dir='ltr'><strong>Lucifer</strong></span> <span class='ocrx_word' id='word_1_84' title='bbox 193 2541 352 2598; x_wconf 86' lang='lat' dir='ltr'><strong>amborum</strong></span> <span class='ocrx_word' id='word_1_85' title='bbox 369 2540 524 2599; x_wconf 87' lang='lat' dir='ltr'><strong>natalibus</strong></span> <span class='ocrx_word' id='word_1_86' title='bbox 540 2541 638 2602; x_wconf 86' lang='lat' dir='ltr'><strong>adfuit</strong></span> <span class='ocrx_word' id='word_1_87' title='bbox 654 2541 753 2612; x_wconf 82' lang='lat' dir='ltr'><strong>idem3</strong></span> 
     </span>
     <span class='ocr_line' id='line_1_16' title="bbox 92 2639 707 2716; baseline 0.005 -19"><span class='ocrx_word' id='word_1_88' title='bbox 92 2659 155 2698; x_wconf 89' lang='lat' dir='ltr'><strong>una</strong></span> <span class='ocrx_word' id='word_1_89' title='bbox 171 2639 328 2699; x_wconf 85' lang='lat' dir='ltr'><strong>celebrata</strong></span> <span class='ocrx_word' id='word_1_90' title='bbox 343 2650 391 2700; x_wconf 91' lang='lat' dir='ltr'><strong>est</strong></span> <span class='ocrx_word' id='word_1_91' title='bbox 406 2660 461 2716; x_wconf 90' lang='lat' dir='ltr'><strong>per</strong></span> <span class='ocrx_word' id='word_1_92' title='bbox 476 2641 539 2700; x_wconf 92' lang='lat' dir='ltr'><strong>duo</strong></span> <span class='ocrx_word' id='word_1_93' title='bbox 553 2641 616 2701; x_wconf 88' lang='lat' dir='ltr'>liba</span> <span class='ocrx_word' id='word_1_94' title='bbox 632 2641 707 2700; x_wconf 91' lang='lat' dir='ltr'><strong>dies.</strong></span> 
     </span>
     <span class='ocr_line' id='line_1_17' title="bbox 54 2737 873 2817; baseline 0.005 -20"><span class='ocrx_word' id='word_1_95' title='bbox 54 2741 143 2800; x_wconf 88' lang='lat' dir='ltr'><strong>Haec</strong></span> <span class='ocrx_word' id='word_1_96' title='bbox 158 2737 208 2800; x_wconf 79' lang='lat' dir='ltr'><strong>est</strong></span> <span class='ocrx_word' id='word_1_97' title='bbox 223 2741 383 2799; x_wconf 83' lang='lat' dir='ltr'><strong>armiferae</strong></span> <span class='ocrx_word' id='word_1_98' title='bbox 399 2741 488 2800; x_wconf 83' lang='lat' dir='ltr'><strong>festis</strong></span> <span class='ocrx_word' id='word_1_99' title='bbox 504 2742 543 2801; x_wconf 93' lang='lat' dir='ltr'><strong>de</strong></span> <span class='ocrx_word' id='word_1_100' title='bbox 559 2742 696 2817; x_wconf 89' lang='lat' dir='ltr'><strong>quinque</strong></span> <span class='ocrx_word' id='word_1_101' title='bbox 713 2741 873 2801; x_wconf 85' lang='lat' dir='ltr'><strong>Minervae</strong></span> 
     </span>
     <span class='ocr_line' id='line_1_18' title="bbox 91 2840 733 2924; baseline 0.005 -25"><span class='ocrx_word' id='word_1_102' title='bbox 91 2859 174 2917; x_wconf 85' lang='lat' dir='ltr'><strong>quae</strong></span> <span class='ocrx_word' id='word_1_103' title='bbox 190 2840 263 2924; x_wconf 88' lang='lat' dir='ltr'><strong>fieri</strong></span> <span class='ocrx_word' id='word_1_104' title='bbox 272 2859 375 2916; x_wconf 81' lang='lat' dir='ltr'><strong>pugna</strong></span> <span class='ocrx_word' id='word_1_105' title='bbox 390 2841 488 2917; x_wconf 90' lang='lat' dir='ltr'>prima</span> <span class='ocrx_word' id='word_1_106' title='bbox 503 2852 630 2901; x_wconf 87' lang='lat' dir='ltr'><strong>cruenta</strong></span> <span class='ocrx_word' id='word_1_107' title='bbox 647 2842 733 2902; x_wconf 89' lang='lat' dir='ltr'><strong>solet.</strong></span> 
     </span>
     <span class='ocr_line' id='line_1_19' title="bbox 54 2940 1050 3019; baseline 0.009 -22"><span class='ocrx_word' id='word_1_108' title='bbox 54 2941 198 3000; x_wconf 90' lang='lat' dir='ltr'><strong>Protinus</strong></span> <span class='ocrx_word' id='word_1_109' title='bbox 214 2940 382 2999; x_wconf 86' lang='lat' dir='ltr'><strong>excolimur</strong></span> <span class='ocrx_word' id='word_1_110' title='bbox 397 2941 503 3014; x_wconf 88' lang='lat' dir='ltr'><strong>teneri,</strong></span> <span class='ocrx_word' id='word_1_111' title='bbox 521 2961 656 3018; x_wconf 84' lang='lat' dir='ltr'><strong>curaque</strong></span> <span class='ocrx_word' id='word_1_112' title='bbox 672 2942 808 3019; x_wconf 82' lang='lat' dir='ltr'><strong>parentis</strong></span> <span class='ocrx_word' id='word_1_113' title='bbox 1021 2953 1050 3006; x_wconf 84' lang='grc' dir='ltr'><strong>Ι5</strong></span> 
     </span>
     <span class='ocr_line' id='line_1_20' title="bbox 91 3040 737 3117; baseline 0.006 -19"><span class='ocrx_word' id='word_1_114' title='bbox 91 3041 173 3100; x_wconf 91' lang='lat' dir='ltr'><strong>imus</strong></span> <span class='ocrx_word' id='word_1_115' title='bbox 189 3041 230 3101; x_wconf 81' lang='lat' dir='ltr'><strong>ad</strong></span> <span class='ocrx_word' id='word_1_116' title='bbox 246 3040 384 3117; x_wconf 87' lang='lat' dir='ltr'><strong>insignes</strong></span> <span class='ocrx_word' id='word_1_117' title='bbox 400 3041 495 3100; x_wconf 92' lang='lat' dir='ltr'><strong>Urbis</strong></span> <span class='ocrx_word' id='word_1_118' title='bbox 511 3042 550 3100; x_wconf 89' lang='lat' dir='ltr'><strong>ab</strong></span> <span class='ocrx_word' id='word_1_119' title='bbox 566 3052 631 3101; x_wconf 82' lang='lat' dir='ltr'><strong>arte</strong></span> <span class='ocrx_word' id='word_1_120' title='bbox 646 3042 737 3102; x_wconf 91' lang='lat' dir='ltr'><strong>viros.</strong></span> 
     </span>
     <span class='ocr_line' id='line_1_21' title="bbox 56 3129 813 3216; baseline 0.007 -20"><span class='ocrx_word' id='word_1_121' title='bbox 56 3141 159 3200; x_wconf 87' lang='lat' dir='ltr'><strong>Frater</strong></span> <span class='ocrx_word' id='word_1_122' title='bbox 175 3141 215 3200; x_wconf 86' lang='lat' dir='ltr'><strong>ad</strong></span> <span class='ocrx_word' id='word_1_123' title='bbox 232 3140 389 3216; x_wconf 91' lang='lat' dir='ltr'><strong>eloquium</strong></span> <span class='ocrx_word' id='word_1_124' title='bbox 405 3140 493 3201; x_wconf 86' lang='lat' dir='ltr'>viridi</span> <span class='ocrx_word' id='word_1_125' title='bbox 509 3129 657 3202; x_wconf 83' lang='lat' dir='ltr'><strong>tendebat</strong></span> <span class='ocrx_word' id='word_1_126' title='bbox 673 3145 712 3202; x_wconf 86' lang='lat' dir='ltr'><strong>ab</strong></span> <span class='ocrx_word' id='word_1_127' title='bbox 728 3161 813 3214; x_wconf 90' lang='lat' dir='ltr'><strong>aevo,</strong></span> 
     </span>
    </p>
   </div>
   <div class='ocr_carea' id='block_1_7' title="bbox 91 3240 679 3390">
    <p class='ocr_par' dir='ltr' id='par_1_7' title="bbox 91 3240 679 3390">
     <span class='ocr_line' id='line_1_22' title="bbox 91 3240 679 3312; baseline 0.002 -13"><span class='ocrx_word' id='word_1_128' title='bbox 91 3242 184 3301; x_wconf 82' lang='lat' dir='ltr'><strong>fortia</strong></span> <span class='ocrx_word' id='word_1_129' title='bbox 200 3240 324 3301; x_wconf 89' lang='lat' dir='ltr'><strong>verbosi</strong></span> <span class='ocrx_word' id='word_1_130' title='bbox 341 3250 432 3300; x_wconf 89' lang='lat' dir='ltr'><strong>natus</strong></span> <span class='ocrx_word' id='word_1_131' title='bbox 447 3242 487 3301; x_wconf 82' lang='lat' dir='ltr'><strong>ad</strong></span> <span class='ocrx_word' id='word_1_132' title='bbox 503 3262 588 3300; x_wconf 88' lang='lat' dir='ltr'><strong>arma</strong></span> <span class='ocrx_word' id='word_1_133' title='bbox 602 3243 679 3312; x_wconf 84' lang='lat' dir='ltr'><strong>iori;</strong></span> 
     </span>
     <span class='ocr_line' id='line_1_23' title="bbox 548 3357 557 3390; baseline 0 0"><span class='ocrx_word' id='word_1_134' title='bbox 548 3357 557 3390; x_wconf 86' lang='lat' dir='ltr'>i</span> 
     </span>
    </p>
   </div>
   <div class='ocr_carea' id='block_1_8' title="bbox 0 0 1260 3682">
    <p class='ocr_par' dir='ltr' id='par_1_8' title="bbox 0 0 1260 3682">
     <span class='ocr_line' id='line_1_24' title="bbox 0 0 1260 3682; baseline 0 0"><span class='ocrx_word' id='word_1_135' title='bbox 0 0 1260 3682; x_wconf 95' lang='lat' dir='ltr'><strong> </strong></span> 
     </span>
    </p>
   </div>
  </div>
 </body>
</html>
