2504 3682
147 228 180 279 50
365 230 729 279 METAMORPHOSEON
749 230 784 277 ΙΙ.
820 239 923 278 ars-404.

147 398 218 458 illae
234 417 316 458 more
333 419 397 472 suo,
414 419 485 457 nam
501 419 615 458 morem
630 401 747 459 fecerat
762 419 845 471 usus,
1092 410 1140 462 345

147 499 325 576 plangorem
341 500 497 559 dederant.
544 500 653 575 Equis
670 500 856 572 Phaethusa,
872 517 1009 558 sororum

148 599 288 672 maxima,
306 618 375 657 cum
390 599 482 658 vellet
497 609 578 658 terra
594 600 803 677 procumbere,
822 608 931 676 questa
947 607 994 656 est

148 700 317 777 deriguisse
332 700 436 776 pedes
482 701 532 759 Ad
548 719 640 776 quam
656 709 768 777 conata
783 700 887 757 venire

148 801 281 860 candida
296 800 455 876 Lampetie
471 801 574 858 subita
589 800 692 858 radice
708 809 827 859 retenta
843 810 897 858 est.

148 901 261 974 Tertia,
278 920 347 959 cum
363 901 478 958 crinem
493 900 635 958 manibus
651 900 766 959 laniare
782 909 911 976 pararet,
1092 908 1140 961 350

150 1000 251 1060 avellit
265 1001 400 1060 frondes.
447 1003 536 1060 Haec
552 1000 656 1076 stipite
671 1019 759 1058 crura
774 1001 880 1071 teneri,

149 1101 200 1159 illa
215 1101 298 1160 dolet
313 1101 377 1158 lieri
392 1101 501 1178 longos
516 1120 572 1159 sua
587 1100 731 1159 bracchia
746 1118 855 1158 ramos
935 1107 937 1112 ‘

151 1203 294 1277 Dumque
309 1220 346 1259 ea
360 1201 516 1273 mirantur,
534 1200 747 1277 complectitur
763 1199 889 1276 inguina
904 1209 1018 1272 cortex,

149 1320 263 1377 perque
277 1302 391 1378 gradus
406 1310 524 1359 uterum
541 1311 710 1378 pectusque
726 1319 911 1376 umerosque
927 1317 1097 1374 manusque

150 1401 253 1474 ambit,
270 1411 301 1460 et
316 1402 480 1460 exstabant
496 1411 616 1460 tantum
632 1420 685 1459 ora
700 1400 845 1460 vocantia
860 1410 996 1458 matrem.
1093 1411 1140 1462 355
1243 1465 1244 1486 ,

150 1500 234 1574 Quid
249 1501 343 1559 iaciat
359 1511 464 1573 mater,
480 1501 548 1574 nisi,
567 1521 628 1578 quo
645 1501 745 1560 trahat
760 1501 894 1577 impetus
909 1500 1001 1571 illam,

104 1677 107 1682 .
149 1601 210 1661 huc
225 1611 276 1660 eat
291 1610 383 1678 atque
398 1601 470 1660 illuc
486 1611 525 1673 et,
543 1603 615 1660 dum
631 1602 712 1673 licet,
729 1603 837 1660 oscula
852 1601 978 1677 iungat?

151 1704 222 1760 Non
237 1701 311 1760 satis
327 1711 391 1775 est;
415 1702 531 1760 truncis
546 1702 677 1761 avellere
692 1720 822 1777 corpora
838 1709 968 1776 temptat

150 1812 181 1860 et
196 1812 317 1862 teneros
333 1802 476 1862 manibus
491 1822 592 1861 ramos
609 1803 771 1879 abrumpit.
817 1805 857 1860 At
873 1802 945 1860 inde

150 1903 335 1980 sanguineae
352 1913 485 1977 manant,
503 1914 659 1979 tamquam
675 1905 714 1962 de
729 1903 863 1973 vulnere,
880 1910 993 1978 guttae.
1094 1898 1143 1964 3⁶0

152 2006 274 2075 ‘Parce
292 2022 406 2078 precor,
423 2005 539 2075 mater,'
557 2022 768 2080 quaecumque
785 2012 833 2061 est
848 2003 961 2073 saucia,
978 2001 1098 2068 clamat,

152 2110 269 2179 ‘parce,
286 2108 410 2178 precorl
435 2113 573 2162 nostrum
589 2105 741 2162 laceratur
755 2104 787 2161 in
803 2103 911 2161 arbore
927 2120 1047 2177 corpus,

152 2206 279 2278 Iamque
295 2202 379 2260 vale'
394 2213 554 2261 —cortex
569 2204 599 2261 in
617 2204 711 2262 verba
726 2202 896 2261 novissima
911 2202 1002 2260 venit.

152 2303 229 2361 Inde
244 2304 342 2360 fluunt
358 2303 510 2376 lacrimae,
527 2304 703 2379 stillataque
720 2304 784 2362 sole
801 2303 956 2380 rigescunt

151 2403 189 2462 de
205 2403 297 2462 ramis
312 2403 425 2486 electra¹
440 2405 537 2476 novis,
555 2424 634 2481 quae
651 2404 771 2463 lucidus
788 2403 886 2461 amnis
1095 2400 1144 2466 3⁶5

151 2503 263 2580 excipit
279 2512 309 2562 et
324 2504 452 2562 nuribus
468 2504 561 2562 mittit
575 2505 728 2581 gestanda
744 2504 872 2563 Latinis.

192 2603 301 2662 Adfuit
317 2603 388 2662 huic
403 2615 539 2663 monstro
554 2605 656 2681 proles
673 2604 849 2664 Stheneleia
865 2606 998 2682 CycnuS,

152 2703 203 2778 qui
218 2703 274 2762 tibi
289 2713 426 2762 materno
442 2704 582 2780 quamvis
598 2725 616 2762 a
631 2704 780 2781 sanguine
796 2705 927 2774 iunctuS,

151 2812 253 2862 mente
267 2814 379 2877 tamen,
397 2804 566 2876 Phaethon,
583 2805 708 2880 propior
721 2804 788 2863 fuir.
835 2804 890 2862 ll'le
905 2804 1011 2862 relicto
1026 2839 1067 2844 —

150 2922 221 2960 nam
237 2903 383 2980 Ligurum
398 2904 528 2980 populos
545 2913 575 2962 et
591 2924 718 2981 magnas
733 2914 853 2963 rexerat
869 2905 960 2962 urbes
975 2938 1016 2946 -
1095 2914 1145 2964 370

151 3002 278 3078 imperio
292 3004 374 3079 ripas
389 3003 503 3062 virides
519 3023 702 3081 amnemque
718 3005 862 3080 querellis

153 3101 319 3164 Eridanum
334 3103 475 3180 implerat
489 3104 658 3180 silvamque
676 3105 832 3164 sororibus
848 3115 978 3175 auctam,

151 3220 220 3260 cum
235 3223 295 3261 vox
309 3212 357 3262 est
371 3213 498 3263 tenuata
513 3205 587 3277 viro,
604 3224 761 3280 canaeque
777 3205 905 3280 capillos

151 3302 346 3362 dissimulant
362 3304 492 3378 plumae,
510 3305 685 3380 collumque
702 3324 719 3362 a
735 3315 857 3380 pectore
874 3305 964 3380 longe
