2504 3682
150 163 182 212 32
378 164 742 212 METAMORPHOSEON
767 164 788 210 Ι.
823 173 926 212 usu-745.

150 342 189 405 et,
207 332 346 409 quamvis
361 351 454 410 sopor
468 342 517 392 est
531 332 688 392 oculorum
703 342 790 408 parte
805 342 958 408 receptus,

150 442 236 508 parte
252 442 355 491 tamen
370 433 483 510 vigilat.
530 432 659 506 Quaerit
674 451 799 508 quoque
813 468 854 476 -—
870 452 1004 508 namque
1023 443 1149 509 reperta

150 533 252 591 fistula
267 553 365 609 nuper
379 543 445 591 erat
460 569 501 577 -
516 553 578 610 qua
593 534 633 591 sit
648 533 765 591 ratione
781 543 912 609 reperta.

192 635 271 691 Tum
287 633 372 705 deus,
390 633 561 692 ‘Arcadiae
576 633 686 710 gelidis
702 633 732 690 in
749 633 925 705 montibus'
941 633 1049 709 inquit,

152 733 248 792 ‘inter
263 734 489 812 hamadryadas
504 733 702 793 celeberrima
718 733 914 792 Nonacrinas
1096 727 1160 796 690'

150 839 236 892 naias
252 853 313 892 una
327 834 403 907 fuit3
427 836 580 912 nymphae
598 833 728 912 Syringa
743 835 907 893 vocabant.

151 936 222 992 Non
237 934 331 994 semel
347 943 377 994 et
392 943 511 1012 satyros
527 935 662 1004 eluserat
678 933 730 992 illa
745 943 912 1010 sequentes

149 1043 180 1091 et
196 1053 406 1111 quoscumque
422 1036 497 1093 deos
513 1035 697 1094 umbrosave
712 1034 789 1093 silva
803 1036 928 1093 leraxve

149 1154 201 1192 rus
216 1136 317 1193 habet.
364 1135 522 1213 Ortygiam
538 1135 648 1193 studiis
665 1134 794 1211 ipsaque
810 1136 932 1194 colebat

149 1235 322 1311 virginitate
338 1236 435 1294 deam.
482 1236 556 1294 Ritu
572 1255 694 1312 quoque
710 1235 811 1294 cincta
828 1235 947 1294 Dianae

148 1335 269 1394 falleret
284 1345 314 1394 et
330 1336 413 1394 credi
427 1345 533 1411 posset
549 1335 688 1408 Latonia,
706 1335 733 1394 si
748 1355 810 1393 non

150 1454 280 1493 corneus
295 1435 367 1494 huic
383 1454 481 1508 arcus
498 1435 524 1493 si
539 1454 602 1493 non
617 1437 696 1495 foret
711 1455 822 1494 aureus
838 1436 889 1495 illi.

152 1535 202 1593 Sic
218 1554 341 1610 quoque
356 1535 491 1594 fallebat.
537 1536 730 1595 Redeuntem
747 1535 824 1594 colle
841 1538 963 1614 Lycaeo

152 1637 215 1693 Pan
231 1625 315 1693 videt
329 1635 419 1707 hanc,
436 1635 572 1711 pinuque
588 1644 682 1710 caput
697 1635 891 1712 praecinctus
908 1645 998 1694 acuta

149 1734 224 1793 talia
238 1735 333 1793 verba
348 1735 458 1794 refert'
473 1771 515 1778 —
530 1736 667 1794 restabat
682 1736 776 1798 verba
791 1736 912 1808 referre,

149 1846 180 1895 et
196 1837 339 1912 precibus
354 1837 466 1912 spretis
480 1835 598 1912 fugisse
614 1855 668 1911 per
683 1833 753 1894 avia
767 1836 943 1913 nympham,

150 1937 248 1995 donec
264 1936 408 1994 harenosi
423 1936 579 2012 placidum
595 1935 732 1994 Ladonis
748 1936 788 1994 ad
804 1955 924 1994 amnem

150 2037 284 2108 venerit3
308 2036 358 2095 hic
374 2036 465 2109 illam,
481 2055 603 2095 cursum
620 2035 860 2112 impedientibus
876 2036 975 2107 undis,

150 2146 183 2195 ut
199 2155 231 2194 se
249 2145 409 2208 mutarent,
426 2135 559 2211 liquidas
575 2156 680 2195 orasse
697 2156 831 2210 sorores;

151 2241 307 2312 Panaque,
325 2256 394 2295 cum
409 2255 552 2312 prensam
568 2236 627 2295 sibi
644 2237 704 2294 iam
721 2237 851 2315 Syringa
866 2247 996 2313 putaret,

150 2357 277 2413 corpore
293 2357 348 2412 pro
364 2337 516 2414 nymphae
532 2337 667 2396 calamos
682 2337 819 2396 tenuisse
836 2338 1004 2412 palustres;

150 2439 284 2513 dumque
300 2437 342 2495 ibi
358 2437 500 2512 suspirat,
517 2441 617 2495 motos
633 2437 664 2495 in
679 2438 852 2495 harundine
867 2448 977 2496 ventos

149 2537 290 2596 effecisse
306 2557 416 2595 sonum
432 2546 556 2596 tenuem
572 2537 764 2614 similemque
780 2538 935 2614 querenti3

150 2647 215 2696 arte
230 2657 311 2697 nova
326 2638 473 2713 vocisque
488 2638 579 2696 deum
596 2637 759 2696 dulcedine
775 2647 907 2713 captum,

152 2740 243 2797 ‘Hoc
258 2737 332 2795 mihi
348 2737 512 2796 concilium
527 2739 648 2809 tecum,’
666 2737 788 2808 dixisse,
808 2738 979 2809 ‘manebit'

151 2849 242 2913 atque
258 2837 301 2897 ita
316 2837 491 2914 disparibus
506 2837 633 2896 calamis
649 2838 829 2913 compagine
845 2857 933 2896 cerae

151 2938 230 2996 inter
245 2957 278 2997 se
294 2937 406 2997 iunctis
423 2957 535 2996 nomen
552 2939 687 2996 tenuisse
703 2938 832 3013 puellae.

193 3038 281 3095 Talia
296 3039 433 3097 dicturus
449 3039 525 3096 vidit
542 3039 700 3116 Cyllenius
716 3058 823 3097 omnes

152 3138 351 3197 succubuisse
367 3140 473 3197 oculos
489 3140 698 3215 adopertaque
714 3139 830 3198 lumina
846 3157 963 3198 somno.

155 3237 322 3314 Supprimit
337 3239 491 3314 extemplo
507 3259 613 3297 vocem
629 3239 790 3315 firmatque
807 3257 948 3314 soporem
