<?xml version="1.0" encoding="UTF-8"?>
<!DOCTYPE html PUBLIC "-//W3C//DTD XHTML 1.0 Transitional//EN"
    "http://www.w3.org/TR/xhtml1/DTD/xhtml1-transitional.dtd">
<html xmlns="http://www.w3.org/1999/xhtml" xml:lang="en" lang="en">
 <head>
  <title>
</title>
<meta http-equiv="Content-Type" content="text/html;charset=utf-8" />
  <meta name='ocr-system' content='tesseract 3.04.00' />
  <meta name='ocr-capabilities' content='ocr_page ocr_carea ocr_par ocr_line ocrx_word'/>
</head>
<body>
  <div class='ocr_page' id='page_1' title='image "./firstandsecondb01ovidgoog/firstandsecondb01ovidgoog_0058.png"; bbox 0 0 2504 3682; ppageno 0'>
   <div class='ocr_carea' id='block_1_1' title="bbox 138 189 924 240">
    <p class='ocr_par' dir='ltr' id='par_1_1' title="bbox 138 189 924 240">
     <span class='ocr_line' id='line_1_1' title="bbox 138 189 924 240; baseline 0 -2"><span class='ocrx_word' id='word_1_1' title='bbox 138 189 172 238; x_wconf 88' lang='lat'>34</span> <span class='ocrx_word' id='word_1_2' title='bbox 263 204 265 208; x_wconf 82' lang='grc'><strong>’</strong></span> <span class='ocrx_word' id='word_1_3' title='bbox 346 189 709 238; x_wconf 89' lang='lat' dir='ltr'>METAMORPHOSEON</span> <span class='ocrx_word' id='word_1_4' title='bbox 729 191 749 236; x_wconf 91' lang='lat' dir='ltr'>I.</span> <span class='ocrx_word' id='word_1_5' title='bbox 784 192 878 239; x_wconf 80' lang='lat'>746-11.</span> <span class='ocrx_word' id='word_1_6' title='bbox 891 203 924 240; x_wconf 79' lang='lat'>23.</span> 
     </span>
    </p>
   </div>
   <div class='ocr_carea' id='block_1_2' title="bbox 140 356 1138 3344">
    <p class='ocr_par' dir='ltr' id='par_1_2' title="bbox 140 356 921 534">
     <span class='ocr_line' id='line_1_2' title="bbox 140 356 921 435; baseline 0.004 -20"><span class='ocrx_word' id='word_1_7' title='bbox 140 357 263 434; x_wconf 84' lang='lat' dir='ltr'>mugiat,</span> <span class='ocrx_word' id='word_1_8' title='bbox 280 366 311 416; x_wconf 92' lang='lat' dir='ltr'>et</span> <span class='ocrx_word' id='word_1_9' title='bbox 325 356 432 416; x_wconf 90' lang='lat' dir='ltr'>timide</span> <span class='ocrx_word' id='word_1_10' title='bbox 447 358 542 416; x_wconf 89' lang='lat' dir='ltr'>verba</span> <span class='ocrx_word' id='word_1_11' title='bbox 557 357 733 417; x_wconf 89' lang='lat' dir='ltr'>intermissa</span> <span class='ocrx_word' id='word_1_12' title='bbox 747 368 921 435; x_wconf 88' lang='lat' dir='ltr'>retemptat.</span> 
     </span>
     <span class='ocr_line' id='line_1_3' title="bbox 141 457 903 534; baseline 0.003 -19"><span class='ocrx_word' id='word_1_13' title='bbox 141 460 233 515; x_wconf 92' lang='lat' dir='ltr'>Nunc</span> <span class='ocrx_word' id='word_1_14' title='bbox 249 457 308 515; x_wconf 92' lang='lat' dir='ltr'>dea</span> <span class='ocrx_word' id='word_1_15' title='bbox 322 457 451 534; x_wconf 89' lang='lat' dir='ltr'>linigera</span> <span class='ocrx_word' id='word_1_16' title='bbox 466 457 575 516; x_wconf 93' lang='lat' dir='ltr'>colitur</span> <span class='ocrx_word' id='word_1_17' title='bbox 590 457 790 516; x_wconf 90' lang='lat' dir='ltr'>celeberrima</span> <span class='ocrx_word' id='word_1_18' title='bbox 805 458 903 517; x_wconf 91' lang='lat' dir='ltr'>turba.</span> 
     </span>
    </p>

    <p class='ocr_par' dir='ltr' id='par_1_3' title="bbox 140 556 1138 1237">
     <span class='ocr_line' id='line_1_4' title="bbox 184 556 1018 634; baseline 0.005 -21"><span class='ocrx_word' id='word_1_19' title='bbox 184 557 267 615; x_wconf 90' lang='lat' dir='ltr'>Huic</span> <span class='ocrx_word' id='word_1_20' title='bbox 284 558 431 633; x_wconf 87' lang='lat' dir='ltr'>Epaphus</span> <span class='ocrx_word' id='word_1_21' title='bbox 447 556 549 634; x_wconf 87' lang='lat' dir='ltr'>magni</span> <span class='ocrx_word' id='word_1_22' title='bbox 565 557 689 634; x_wconf 86' lang='lat' dir='ltr'>genitus</span> <span class='ocrx_word' id='word_1_23' title='bbox 704 558 743 616; x_wconf 94' lang='lat' dir='ltr'>de</span> <span class='ocrx_word' id='word_1_24' title='bbox 760 557 877 616; x_wconf 91' lang='lat' dir='ltr'>semine</span> <span class='ocrx_word' id='word_1_25' title='bbox 893 559 1018 617; x_wconf 90' lang='lat' dir='ltr'>tandem</span> 
     </span>
     <span class='ocr_line' id='line_1_5' title="bbox 140 656 959 734; baseline 0.001 -20"><span class='ocrx_word' id='word_1_26' title='bbox 140 657 273 716; x_wconf 90' lang='lat' dir='ltr'>creditur</span> <span class='ocrx_word' id='word_1_27' title='bbox 288 676 356 715; x_wconf 90' lang='lat' dir='ltr'>esse</span> <span class='ocrx_word' id='word_1_28' title='bbox 374 656 466 731; x_wconf 90' lang='lat' dir='ltr'>lovis,</span> <span class='ocrx_word' id='word_1_29' title='bbox 483 676 597 734; x_wconf 88' lang='lat' dir='ltr'>perque</span> <span class='ocrx_word' id='word_1_30' title='bbox 613 658 705 717; x_wconf 91' lang='lat' dir='ltr'>urbes</span> <span class='ocrx_word' id='word_1_31' title='bbox 721 657 825 716; x_wconf 89' lang='lat' dir='ltr'>iuncta</span> <span class='ocrx_word' id='word_1_32' title='bbox 840 659 959 733; x_wconf 89' lang='lat' dir='ltr'>parenti</span> 
     </span>
     <span class='ocr_line' id='line_1_6' title="bbox 140 757 1138 834; baseline 0.005 -18"><span class='ocrx_word' id='word_1_33' title='bbox 140 757 254 834; x_wconf 91' lang='lat' dir='ltr'>templa</span> <span class='ocrx_word' id='word_1_34' title='bbox 269 767 363 816; x_wconf 91' lang='lat' dir='ltr'>tenet.</span> <span class='ocrx_word' id='word_1_35' title='bbox 410 757 480 815; x_wconf 90' lang='lat' dir='ltr'><strong>Fuit</strong></span> <span class='ocrx_word' id='word_1_36' title='bbox 495 758 567 816; x_wconf 89' lang='lat' dir='ltr'>huic</span> <span class='ocrx_word' id='word_1_37' title='bbox 582 757 692 816; x_wconf 90' lang='lat' dir='ltr'>animis</span> <span class='ocrx_word' id='word_1_38' title='bbox 708 757 846 833; x_wconf 89' lang='lat' dir='ltr'>aequalis</span> <span class='ocrx_word' id='word_1_39' title='bbox 861 767 892 817; x_wconf 93' lang='lat' dir='ltr'>et</span> <span class='ocrx_word' id='word_1_40' title='bbox 908 759 997 818; x_wconf 86' lang='lat' dir='ltr'>annis</span> <span class='ocrx_word' id='word_1_41' title='bbox 1085 771 1138 822; x_wconf 88' lang='lat'>750</span> 
     </span>
     <span class='ocr_line' id='line_1_7' title="bbox 142 858 1135 936; baseline 0.004 -20"><span class='ocrx_word' id='word_1_42' title='bbox 142 858 212 916; x_wconf 92' lang='lat' dir='ltr'>Sole</span> <span class='ocrx_word' id='word_1_43' title='bbox 229 867 313 916; x_wconf 89' lang='lat' dir='ltr'>satus</span> <span class='ocrx_word' id='word_1_44' title='bbox 330 858 501 917; x_wconf 72' lang='lat' dir='ltr'>Phaethon.</span> <span class='ocrx_word' id='word_1_45' title='bbox 543 859 643 932; x_wconf 89' lang='lat' dir='ltr'><strong>Quem</strong></span> <span class='ocrx_word' id='word_1_46' title='bbox 658 859 814 934; x_wconf 91' lang='lat' dir='ltr'>quondam</span> <span class='ocrx_word' id='word_1_47' title='bbox 830 876 942 935; x_wconf 86' lang='lat' dir='ltr'>magna</span> <span class='ocrx_word' id='word_1_48' title='bbox 957 860 1135 936; x_wconf 89' lang='lat' dir='ltr'>loquentem</span> 
     </span>
     <span class='ocr_line' id='line_1_8' title="bbox 140 958 978 1036; baseline 0.001 -19"><span class='ocrx_word' id='word_1_49' title='bbox 140 978 197 1017; x_wconf 92' lang='lat' dir='ltr'>nec</span> <span class='ocrx_word' id='word_1_50' title='bbox 213 959 272 1017; x_wconf 88' lang='lat' dir='ltr'>sibi</span> <span class='ocrx_word' id='word_1_51' title='bbox 287 959 449 1017; x_wconf 85' lang='lat' dir='ltr'>cedentem</span> <span class='ocrx_word' id='word_1_52' title='bbox 466 958 653 1035; x_wconf 90' lang='lat' dir='ltr'>Phoeboque</span> <span class='ocrx_word' id='word_1_53' title='bbox 669 969 797 1035; x_wconf 86' lang='lat' dir='ltr'>parente</span> <span class='ocrx_word' id='word_1_54' title='bbox 812 961 978 1036; x_wconf 91' lang='lat' dir='ltr'>superbum</span> 
     </span>
     <span class='ocr_line' id='line_1_9' title="bbox 141 1059 1050 1135; baseline 0.004 -19"><span class='ocrx_word' id='word_1_55' title='bbox 141 1079 203 1117; x_wconf 94' lang='lat' dir='ltr'>non</span> <span class='ocrx_word' id='word_1_56' title='bbox 218 1059 287 1117; x_wconf 88' lang='lat' dir='ltr'>tulit</span> <span class='ocrx_word' id='word_1_57' title='bbox 303 1059 476 1131; x_wconf 87' lang='lat' dir='ltr'>Inachides,</span> <span class='ocrx_word' id='word_1_58' title='bbox 495 1059 625 1117; x_wconf 85' lang='lat' dir='ltr'>‘Matri&#39;</span> <span class='ocrx_word' id='word_1_59' title='bbox 642 1079 702 1135; x_wconf 92' lang='lat' dir='ltr'>que</span> <span class='ocrx_word' id='word_1_60' title='bbox 718 1060 768 1132; x_wconf 88' lang='lat' dir='ltr'>ait,</span> <span class='ocrx_word' id='word_1_61' title='bbox 788 1060 908 1119; x_wconf 88' lang='lat' dir='ltr'>‘omnia</span> <span class='ocrx_word' id='word_1_62' title='bbox 923 1062 1050 1120; x_wconf 89' lang='lat' dir='ltr'>demens</span> 
     </span>
     <span class='ocr_line' id='line_1_10' title="bbox 141 1159 914 1237; baseline 0.001 -20"><span class='ocrx_word' id='word_1_63' title='bbox 141 1159 250 1232; x_wconf 79' lang='lat' dir='ltr'>crediS,</span> <span class='ocrx_word' id='word_1_64' title='bbox 268 1169 299 1218; x_wconf 91' lang='lat' dir='ltr'>et</span> <span class='ocrx_word' id='word_1_65' title='bbox 313 1179 347 1218; x_wconf 92' lang='lat' dir='ltr'>es</span> <span class='ocrx_word' id='word_1_66' title='bbox 362 1160 499 1218; x_wconf 93' lang='lat' dir='ltr'>tumidus</span> <span class='ocrx_word' id='word_1_67' title='bbox 514 1159 662 1236; x_wconf 87' lang='lat' dir='ltr'>genitoris</span> <span class='ocrx_word' id='word_1_68' title='bbox 677 1160 810 1237; x_wconf 85' lang='lat' dir='ltr'>imagine</span> <span class='ocrx_word' id='word_1_69' title='bbox 826 1161 914 1220; x_wconf 61' lang='lat' dir='ltr'>falsi)</span> 
     </span>
    </p>

    <p class='ocr_par' dir='ltr' id='par_1_4' title="bbox 142 1259 1135 2240">
     <span class='ocr_line' id='line_1_11' title="bbox 185 1259 1135 1337; baseline 0.011 -21"><span class='ocrx_word' id='word_1_70' title='bbox 185 1259 313 1318; x_wconf 86' lang='lat' dir='ltr'>Erubuit</span> <span class='ocrx_word' id='word_1_71' title='bbox 329 1260 490 1318; x_wconf 74' lang='lat' dir='ltr'>Phaethon</span> <span class='ocrx_word' id='word_1_72' title='bbox 505 1259 642 1335; x_wconf 83' lang='lat' dir='ltr'>iramque</span> <span class='ocrx_word' id='word_1_73' title='bbox 657 1262 774 1336; x_wconf 91' lang='lat' dir='ltr'>pudore</span> <span class='ocrx_word' id='word_1_74' title='bbox 789 1262 933 1337; x_wconf 85' lang='lat' dir='ltr'>repressit</span> <span class='ocrx_word' id='word_1_75' title='bbox 1086 1274 1135 1326; x_wconf 87' lang='grc'>755</span> 
     </span>
     <span class='ocr_line' id='line_1_12' title="bbox 142 1359 953 1438; baseline 0.002 -20"><span class='ocrx_word' id='word_1_76' title='bbox 142 1369 172 1418; x_wconf 92' lang='lat' dir='ltr'>et</span> <span class='ocrx_word' id='word_1_77' title='bbox 188 1359 257 1418; x_wconf 90' lang='lat' dir='ltr'>tulit</span> <span class='ocrx_word' id='word_1_78' title='bbox 272 1361 311 1418; x_wconf 88' lang='lat' dir='ltr'>ad</span> <span class='ocrx_word' id='word_1_79' title='bbox 328 1360 497 1438; x_wconf 89' lang='lat' dir='ltr'>Clymenen</span> <span class='ocrx_word' id='word_1_80' title='bbox 515 1361 636 1437; x_wconf 87' lang='lat' dir='ltr'>Epaphi</span> <span class='ocrx_word' id='word_1_81' title='bbox 652 1361 791 1420; x_wconf 88' lang='lat' dir='ltr'>convicia</span> <span class='ocrx_word' id='word_1_82' title='bbox 807 1371 953 1420; x_wconf 90' lang='lat' dir='ltr'>matrem:</span> 
     </span>
     <span class='ocr_line' id='line_1_13' title="bbox 144 1460 1089 1538; baseline 0.003 -20"><span class='ocrx_word' id='word_1_83' title='bbox 144 1460 249 1533; x_wconf 85' lang='lat' dir='ltr'>‘Quo’</span> <span class='ocrx_word' id='word_1_84' title='bbox 265 1479 324 1536; x_wconf 91' lang='lat' dir='ltr'>que</span> <span class='ocrx_word' id='word_1_85' title='bbox 343 1461 456 1538; x_wconf 91' lang='lat' dir='ltr'>‘magis</span> <span class='ocrx_word' id='word_1_86' title='bbox 473 1462 587 1534; x_wconf 73' lang='grc' dir='ltr'><strong>(101εο0,</strong></span> <span class='ocrx_word' id='word_1_87' title='bbox 604 1462 762 1538; x_wconf 88' lang='lat' dir='ltr'>genetrix,’</span> <span class='ocrx_word' id='word_1_88' title='bbox 779 1462 830 1532; x_wconf 91' lang='lat' dir='ltr'>ait,</span> <span class='ocrx_word' id='word_1_89' title='bbox 849 1463 916 1519; x_wconf 84' lang='lat' dir='ltr'>‘ille</span> <span class='ocrx_word' id='word_1_90' title='bbox 932 1482 989 1538; x_wconf 92' lang='lat' dir='ltr'>ego</span> <span class='ocrx_word' id='word_1_91' title='bbox 1005 1461 1089 1534; x_wconf 84' lang='lat' dir='ltr'>liber,</span> 
     </span>
     <span class='ocr_line' id='line_1_14' title="bbox 143 1559 922 1638; baseline 0.005 -22"><span class='ocrx_word' id='word_1_92' title='bbox 143 1559 193 1618; x_wconf 92' lang='lat' dir='ltr'>ille</span> <span class='ocrx_word' id='word_1_93' title='bbox 208 1560 294 1618; x_wconf 82' lang='lat' dir='ltr'>ferox</span> <span class='ocrx_word' id='word_1_94' title='bbox 309 1560 399 1620; x_wconf 90' lang='lat' dir='ltr'>tacui.</span> <span class='ocrx_word' id='word_1_95' title='bbox 446 1562 545 1620; x_wconf 90' lang='lat' dir='ltr'>Pudet</span> <span class='ocrx_word' id='word_1_96' title='bbox 559 1561 637 1622; x_wconf 91' lang='lat' dir='ltr'>haec</span> <span class='ocrx_word' id='word_1_97' title='bbox 652 1561 817 1638; x_wconf 90' lang='lat' dir='ltr'>opprobria</span> <span class='ocrx_word' id='word_1_98' title='bbox 833 1563 922 1620; x_wconf 91' lang='lat' dir='ltr'>nobis</span> 
     </span>
     <span class='ocr_line' id='line_1_15' title="bbox 142 1660 801 1738; baseline 0.003 -19"><span class='ocrx_word' id='word_1_99' title='bbox 142 1669 173 1719; x_wconf 88' lang='lat' dir='ltr'>et</span> <span class='ocrx_word' id='word_1_100' title='bbox 188 1660 249 1719; x_wconf 90' lang='lat' dir='ltr'>dici</span> <span class='ocrx_word' id='word_1_101' title='bbox 264 1660 401 1736; x_wconf 90' lang='lat' dir='ltr'>potuisse</span> <span class='ocrx_word' id='word_1_102' title='bbox 416 1670 448 1720; x_wconf 95' lang='lat' dir='ltr'>et</span> <span class='ocrx_word' id='word_1_103' title='bbox 463 1681 524 1720; x_wconf 92' lang='lat' dir='ltr'>non</span> <span class='ocrx_word' id='word_1_104' title='bbox 540 1661 679 1738; x_wconf 86' lang='lat' dir='ltr'>potuisse</span> <span class='ocrx_word' id='word_1_105' title='bbox 695 1661 801 1721; x_wconf 78' lang='lat' dir='ltr'>refelli.</span> 
     </span>
     <span class='ocr_line' id='line_1_16' title="bbox 143 1760 1134 1838; baseline 0.004 -19"><span class='ocrx_word' id='word_1_106' title='bbox 143 1765 184 1819; x_wconf 92' lang='lat' dir='ltr'>At</span> <span class='ocrx_word' id='word_1_107' title='bbox 199 1770 240 1834; x_wconf 91' lang='lat' dir='ltr'>tu,</span> <span class='ocrx_word' id='word_1_108' title='bbox 259 1760 392 1821; x_wconf 88' lang='lat' dir='ltr'>simodo</span> <span class='ocrx_word' id='word_1_109' title='bbox 409 1782 476 1821; x_wconf 92' lang='lat' dir='ltr'>sum</span> <span class='ocrx_word' id='word_1_110' title='bbox 492 1763 617 1822; x_wconf 89' lang='lat' dir='ltr'>caelesti</span> <span class='ocrx_word' id='word_1_111' title='bbox 633 1762 726 1838; x_wconf 88' lang='lat' dir='ltr'>stirpe</span> <span class='ocrx_word' id='word_1_112' title='bbox 742 1772 871 1834; x_wconf 90' lang='lat' dir='ltr'>creatus,</span> <span class='ocrx_word' id='word_1_113' title='bbox 1085 1761 1134 1823; x_wconf 76' lang='lat'>760</span> 
     </span>
     <span class='ocr_line' id='line_1_17' title="bbox 142 1862 918 1940; baseline 0 -20"><span class='ocrx_word' id='word_1_114' title='bbox 142 1862 199 1920; x_wconf 88' lang='lat' dir='ltr'>ede</span> <span class='ocrx_word' id='word_1_115' title='bbox 215 1871 320 1921; x_wconf 91' lang='lat' dir='ltr'>notam</span> <span class='ocrx_word' id='word_1_116' title='bbox 335 1863 412 1921; x_wconf 90' lang='lat' dir='ltr'>tanti</span> <span class='ocrx_word' id='word_1_117' title='bbox 427 1863 548 1940; x_wconf 88' lang='lat' dir='ltr'>generis</span> <span class='ocrx_word' id='word_1_118' title='bbox 564 1883 674 1939; x_wconf 90' lang='lat' dir='ltr'>meque</span> <span class='ocrx_word' id='word_1_119' title='bbox 691 1863 798 1921; x_wconf 89' lang='lat' dir='ltr'>adsere</span> <span class='ocrx_word' id='word_1_120' title='bbox 814 1863 918 1922; x_wconf 85' lang='lat' dir='ltr'>caelo&#39;</span> 
     </span>
     <span class='ocr_line' id='line_1_18' title="bbox 144 1962 855 2039; baseline 0.001 -19"><span class='ocrx_word' id='word_1_121' title='bbox 144 1962 229 2021; x_wconf 87' lang='lat' dir='ltr'>Dixit</span> <span class='ocrx_word' id='word_1_122' title='bbox 244 1972 275 2022; x_wconf 91' lang='lat' dir='ltr'>et</span> <span class='ocrx_word' id='word_1_123' title='bbox 289 1963 439 2039; x_wconf 88' lang='lat' dir='ltr'>implicuit</span> <span class='ocrx_word' id='word_1_124' title='bbox 454 1972 593 2022; x_wconf 90' lang='lat' dir='ltr'>materno</span> <span class='ocrx_word' id='word_1_125' title='bbox 608 1963 753 2022; x_wconf 88' lang='lat' dir='ltr'>bracchia</span> <span class='ocrx_word' id='word_1_126' title='bbox 768 1963 855 2035; x_wconf 91' lang='lat' dir='ltr'>collo,</span> 
     </span>
     <span class='ocr_line' id='line_1_19' title="bbox 142 2063 1035 2140; baseline -0.001 -19"><span class='ocrx_word' id='word_1_127' title='bbox 142 2082 258 2139; x_wconf 90' lang='lat' dir='ltr'>perque</span> <span class='ocrx_word' id='word_1_128' title='bbox 275 2082 364 2121; x_wconf 92' lang='lat' dir='ltr'>suum</span> <span class='ocrx_word' id='word_1_129' title='bbox 381 2063 579 2140; x_wconf 91' lang='lat' dir='ltr'>Meropisque</span> <span class='ocrx_word' id='word_1_130' title='bbox 596 2074 688 2140; x_wconf 90' lang='lat' dir='ltr'>caput</span> <span class='ocrx_word' id='word_1_131' title='bbox 703 2063 873 2138; x_wconf 88' lang='lat' dir='ltr'>taedasque</span> <span class='ocrx_word' id='word_1_132' title='bbox 889 2082 1035 2135; x_wconf 89' lang='lat' dir='ltr'>sororum,</span> 
     </span>
     <span class='ocr_line' id='line_1_20' title="bbox 142 2163 828 2240; baseline 0.001 -20"><span class='ocrx_word' id='word_1_133' title='bbox 142 2163 284 2234; x_wconf 91' lang='lat' dir='ltr'>traderet,</span> <span class='ocrx_word' id='word_1_134' title='bbox 302 2163 408 2235; x_wconf 89' lang='lat' dir='ltr'>oravit,</span> <span class='ocrx_word' id='word_1_135' title='bbox 425 2163 488 2221; x_wconf 92' lang='lat' dir='ltr'>veri</span> <span class='ocrx_word' id='word_1_136' title='bbox 505 2164 565 2222; x_wconf 91' lang='lat' dir='ltr'>sibi</span> <span class='ocrx_word' id='word_1_137' title='bbox 580 2165 669 2240; x_wconf 88' lang='lat' dir='ltr'>signa</span> <span class='ocrx_word' id='word_1_138' title='bbox 683 2163 828 2239; x_wconf 91' lang='lat' dir='ltr'>parentis.</span> 
     </span>
    </p>

    <p class='ocr_par' dir='ltr' id='par_1_5' title="bbox 142 2263 1132 3344">
     <span class='ocr_line' id='line_1_21' title="bbox 184 2263 1132 2342; baseline 0.003 -20"><span class='ocrx_word' id='word_1_139' title='bbox 184 2263 380 2339; x_wconf 87' lang='lat' dir='ltr'>Ambiguum,</span> <span class='ocrx_word' id='word_1_140' title='bbox 399 2265 554 2342; x_wconf 83' lang='lat' dir='ltr'>Clymene,</span> <span class='ocrx_word' id='word_1_141' title='bbox 571 2265 714 2340; x_wconf 88' lang='lat' dir='ltr'>precibus</span> <span class='ocrx_word' id='word_1_142' title='bbox 731 2265 934 2322; x_wconf 69' lang='lat' dir='ltr'>Phaethontis</span> <span class='ocrx_word' id='word_1_143' title='bbox 950 2284 988 2321; x_wconf 89' lang='lat' dir='ltr'>an</span> <span class='ocrx_word' id='word_1_144' title='bbox 1005 2265 1049 2321; x_wconf 91' lang='lat' dir='ltr'>ira</span> <span class='ocrx_word' id='word_1_145' title='bbox 1085 2264 1132 2328; x_wconf 83' lang='lat'>765</span> 
     </span>
     <span class='ocr_line' id='line_1_22' title="bbox 143 2364 909 2441; baseline 0 -19"><span class='ocrx_word' id='word_1_146' title='bbox 143 2374 226 2422; x_wconf 89' lang='lat' dir='ltr'>mota</span> <span class='ocrx_word' id='word_1_147' title='bbox 241 2364 339 2441; x_wconf 88' lang='lat' dir='ltr'>magis</span> <span class='ocrx_word' id='word_1_148' title='bbox 354 2364 428 2423; x_wconf 92' lang='lat' dir='ltr'>dicti</span> <span class='ocrx_word' id='word_1_149' title='bbox 444 2364 503 2422; x_wconf 91' lang='lat' dir='ltr'>sibi</span> <span class='ocrx_word' id='word_1_150' title='bbox 519 2364 663 2437; x_wconf 93' lang='lat' dir='ltr'>criminis,</span> <span class='ocrx_word' id='word_1_151' title='bbox 681 2373 808 2440; x_wconf 89' lang='lat' dir='ltr'>utraque</span> <span class='ocrx_word' id='word_1_152' title='bbox 824 2365 909 2422; x_wconf 90' lang='lat' dir='ltr'>caelo</span> 
     </span>
     <span class='ocr_line' id='line_1_23' title="bbox 142 2463 942 2540; baseline 0 -18"><span class='ocrx_word' id='word_1_153' title='bbox 142 2463 287 2523; x_wconf 91' lang='lat' dir='ltr'>bracchia</span> <span class='ocrx_word' id='word_1_154' title='bbox 302 2465 436 2540; x_wconf 89' lang='lat' dir='ltr'>porrexit</span> <span class='ocrx_word' id='word_1_155' title='bbox 451 2474 657 2540; x_wconf 85' lang='lat' dir='ltr'>spectansque</span> <span class='ocrx_word' id='word_1_156' title='bbox 674 2466 713 2523; x_wconf 89' lang='lat' dir='ltr'>ad</span> <span class='ocrx_word' id='word_1_157' title='bbox 728 2464 844 2522; x_wconf 91' lang='lat' dir='ltr'>lumina</span> <span class='ocrx_word' id='word_1_158' title='bbox 860 2465 942 2536; x_wconf 77' lang='lat' dir='ltr'>soliS,</span> 
     </span>
     <span class='ocr_line' id='line_1_24' title="bbox 144 2564 966 2641; baseline 0 -19"><span class='ocrx_word' id='word_1_159' title='bbox 144 2567 221 2623; x_wconf 88' lang='lat' dir='ltr'>‘Per</span> <span class='ocrx_word' id='word_1_160' title='bbox 236 2565 323 2623; x_wconf 90' lang='lat' dir='ltr'>iubar</span> <span class='ocrx_word' id='word_1_161' title='bbox 338 2564 417 2636; x_wconf 92' lang='lat' dir='ltr'>hoc,’</span> <span class='ocrx_word' id='word_1_162' title='bbox 433 2564 541 2641; x_wconf 93' lang='lat' dir='ltr'>inquit,</span> <span class='ocrx_word' id='word_1_163' title='bbox 560 2564 671 2623; x_wconf 88' lang='lat' dir='ltr'>‘radiis</span> <span class='ocrx_word' id='word_1_164' title='bbox 687 2564 807 2640; x_wconf 88' lang='lat' dir='ltr'>insigne</span> <span class='ocrx_word' id='word_1_165' title='bbox 823 2565 966 2636; x_wconf 75' lang='lat' dir='ltr'>corusciS,</span> 
     </span>
     <span class='ocr_line' id='line_1_25' title="bbox 143 2665 891 2741; baseline 0 -18"><span class='ocrx_word' id='word_1_166' title='bbox 143 2675 223 2738; x_wconf 90' lang='lat' dir='ltr'>nate,</span> <span class='ocrx_word' id='word_1_167' title='bbox 239 2665 296 2723; x_wconf 92' lang='lat' dir='ltr'>tibi</span> <span class='ocrx_word' id='word_1_168' title='bbox 311 2665 385 2737; x_wconf 90' lang='lat' dir='ltr'>iuro,</span> <span class='ocrx_word' id='word_1_169' title='bbox 403 2666 486 2740; x_wconf 93' lang='lat' dir='ltr'>quod</span> <span class='ocrx_word' id='word_1_170' title='bbox 502 2684 559 2723; x_wconf 92' lang='lat' dir='ltr'>nos</span> <span class='ocrx_word' id='word_1_171' title='bbox 575 2665 721 2741; x_wconf 89' lang='lat' dir='ltr'>auditque</span> <span class='ocrx_word' id='word_1_172' title='bbox 737 2665 891 2740; x_wconf 89' lang='lat' dir='ltr'>videtque,</span> 
     </span>
     <span class='ocr_line' id='line_1_26' title="bbox 143 2765 1131 2841; baseline 0.003 -19"><span class='ocrx_word' id='word_1_173' title='bbox 143 2767 202 2824; x_wconf 90' lang='lat' dir='ltr'>hoc</span> <span class='ocrx_word' id='word_1_174' title='bbox 217 2775 257 2838; x_wconf 90' lang='lat' dir='ltr'>te,</span> <span class='ocrx_word' id='word_1_175' title='bbox 274 2785 364 2841; x_wconf 89' lang='lat' dir='ltr'>quem</span> <span class='ocrx_word' id='word_1_176' title='bbox 381 2775 513 2841; x_wconf 73' lang='lat' dir='ltr'>spectare,</span> <span class='ocrx_word' id='word_1_177' title='bbox 531 2766 590 2823; x_wconf 92' lang='lat' dir='ltr'>hoc</span> <span class='ocrx_word' id='word_1_178' title='bbox 605 2775 644 2838; x_wconf 89' lang='lat' dir='ltr'>te,</span> <span class='ocrx_word' id='word_1_179' title='bbox 662 2765 715 2841; x_wconf 91' lang='lat' dir='ltr'>qui</span> <span class='ocrx_word' id='word_1_180' title='bbox 731 2775 881 2841; x_wconf 89' lang='lat' dir='ltr'>temperat</span> <span class='ocrx_word' id='word_1_181' title='bbox 897 2766 1010 2837; x_wconf 90' lang='lat' dir='ltr'>orbem,</span> <span class='ocrx_word' id='word_1_182' title='bbox 1085 2777 1131 2825; x_wconf 85' lang='lat'>770</span> 
     </span>
     <span class='ocr_line' id='line_1_27' title="bbox 145 2865 1013 2943; baseline -0.002 -18"><span class='ocrx_word' id='word_1_183' title='bbox 145 2867 216 2925; x_wconf 92' lang='lat' dir='ltr'>Sole</span> <span class='ocrx_word' id='word_1_184' title='bbox 232 2875 341 2926; x_wconf 89' lang='lat' dir='ltr'>satum.</span> <span class='ocrx_word' id='word_1_185' title='bbox 388 2866 419 2925; x_wconf 91' lang='lat' dir='ltr'>Si</span> <span class='ocrx_word' id='word_1_186' title='bbox 435 2867 506 2924; x_wconf 89' lang='lat' dir='ltr'>licta</span> <span class='ocrx_word' id='word_1_187' title='bbox 521 2867 638 2943; x_wconf 91' lang='lat' dir='ltr'>loquor,</span> <span class='ocrx_word' id='word_1_188' title='bbox 657 2875 749 2943; x_wconf 88' lang='lat' dir='ltr'>neget</span> <span class='ocrx_word' id='word_1_189' title='bbox 764 2866 831 2942; x_wconf 90' lang='lat' dir='ltr'>ipse</span> <span class='ocrx_word' id='word_1_190' title='bbox 847 2865 1013 2924; x_wconf 91' lang='lat' dir='ltr'>videndum</span> 
     </span>
     <span class='ocr_line' id='line_1_28' title="bbox 144 2967 964 3044; baseline 0 -19"><span class='ocrx_word' id='word_1_191' title='bbox 144 2986 176 3026; x_wconf 92' lang='lat' dir='ltr'>se</span> <span class='ocrx_word' id='word_1_192' title='bbox 192 2967 275 3042; x_wconf 92' lang='lat' dir='ltr'>mihi,</span> <span class='ocrx_word' id='word_1_193' title='bbox 292 2969 393 3044; x_wconf 91' lang='lat' dir='ltr'>sitque</span> <span class='ocrx_word' id='word_1_194' title='bbox 409 2967 505 3028; x_wconf 92' lang='lat' dir='ltr'>oculis</span> <span class='ocrx_word' id='word_1_195' title='bbox 521 2968 572 3025; x_wconf 89' lang='lat' dir='ltr'>lux</span> <span class='ocrx_word' id='word_1_196' title='bbox 587 2969 646 3026; x_wconf 91' lang='lat' dir='ltr'>ista</span> <span class='ocrx_word' id='word_1_197' title='bbox 662 2967 828 3026; x_wconf 88' lang='lat' dir='ltr'>novissima</span> <span class='ocrx_word' id='word_1_198' title='bbox 843 2967 964 3025; x_wconf 83' lang='lat' dir='ltr'>nostris</span> 
     </span>
     <span class='ocr_line' id='line_1_29' title="bbox 145 3068 964 3145; baseline 0 -20"><span class='ocrx_word' id='word_1_199' title='bbox 145 3070 211 3126; x_wconf 93' lang='lat' dir='ltr'>Nec</span> <span class='ocrx_word' id='word_1_200' title='bbox 226 3069 336 3145; x_wconf 88' lang='lat' dir='ltr'>longus</span> <span class='ocrx_word' id='word_1_201' title='bbox 351 3068 468 3145; x_wconf 87' lang='lat' dir='ltr'>patrios</span> <span class='ocrx_word' id='word_1_202' title='bbox 484 3069 571 3126; x_wconf 91' lang='lat' dir='ltr'>labor</span> <span class='ocrx_word' id='word_1_203' title='bbox 586 3077 634 3126; x_wconf 91' lang='lat' dir='ltr'>est</span> <span class='ocrx_word' id='word_1_204' title='bbox 649 3068 704 3127; x_wconf 91' lang='lat' dir='ltr'>tibi</span> <span class='ocrx_word' id='word_1_205' title='bbox 720 3088 812 3126; x_wconf 91' lang='lat' dir='ltr'>nosse</span> <span class='ocrx_word' id='word_1_206' title='bbox 827 3076 964 3143; x_wconf 79' lang='lat' dir='ltr'>penates</span> 
     </span>
     <span class='ocr_line' id='line_1_30' title="bbox 144 3161 1032 3242; baseline -0.002 -16"><span class='ocrx_word' id='word_1_207' title='bbox 144 3169 237 3227; x_wconf 91' lang='lat' dir='ltr'>Unde</span> <span class='ocrx_word' id='word_1_208' title='bbox 253 3170 354 3242; x_wconf 89' lang='lat' dir='ltr'>oritur,</span> <span class='ocrx_word' id='word_1_209' title='bbox 372 3170 481 3227; x_wconf 91' lang='lat' dir='ltr'>domus</span> <span class='ocrx_word' id='word_1_210' title='bbox 497 3178 544 3226; x_wconf 91' lang='lat' dir='ltr'>est</span> <span class='ocrx_word' id='word_1_211' title='bbox 559 3178 657 3226; x_wconf 87' lang='lat' dir='ltr'>terrae</span> <span class='ocrx_word' id='word_1_212' title='bbox 674 3169 864 3227; x_wconf 90' lang='lat' dir='ltr'>contermina</span> <span class='ocrx_word' id='word_1_213' title='bbox 880 3178 1010 3226; x_wconf 89' lang='lat' dir='ltr'>nostrae.</span> <span class='ocrx_word' id='word_1_214' title='bbox 1026 3161 1032 3166; x_wconf 74' lang='grc'><strong>’</strong></span> 
     </span>
     <span class='ocr_line' id='line_1_31' title="bbox 145 3267 1130 3344; baseline 0.003 -18"><span class='ocrx_word' id='word_1_215' title='bbox 145 3268 177 3326; x_wconf 88' lang='lat' dir='ltr'>Si</span> <span class='ocrx_word' id='word_1_216' title='bbox 193 3269 284 3327; x_wconf 92' lang='lat' dir='ltr'>modo</span> <span class='ocrx_word' id='word_1_217' title='bbox 299 3269 358 3327; x_wconf 86' lang='lat' dir='ltr'>lert</span> <span class='ocrx_word' id='word_1_218' title='bbox 374 3269 502 3340; x_wconf 86' lang='lat' dir='ltr'>animus,</span> <span class='ocrx_word' id='word_1_219' title='bbox 519 3269 657 3344; x_wconf 85' lang='lat' dir='ltr'>gradere,</span> <span class='ocrx_word' id='word_1_220' title='bbox 676 3276 706 3325; x_wconf 91' lang='lat' dir='ltr'>et</span> <span class='ocrx_word' id='word_1_221' title='bbox 722 3267 873 3326; x_wconf 90' lang='lat' dir='ltr'>scitabere</span> <span class='ocrx_word' id='word_1_222' title='bbox 889 3268 928 3324; x_wconf 91' lang='lat' dir='ltr'>ab</span> <span class='ocrx_word' id='word_1_223' title='bbox 944 3267 1031 3342; x_wconf 84' lang='lat' dir='ltr'>ipso&#39;</span> <span class='ocrx_word' id='word_1_224' title='bbox 1086 3277 1130 3330; x_wconf 86' lang='lat'>775</span> 
     </span>
    </p>
   </div>
   <div class='ocr_carea' id='block_1_3' title="bbox 0 0 1262 3682">
    <p class='ocr_par' dir='ltr' id='par_1_6' title="bbox 0 0 1262 3682">
     <span class='ocr_line' id='line_1_32' title="bbox 0 0 1262 3682; baseline 0 0"><span class='ocrx_word' id='word_1_225' title='bbox 0 0 1262 3682; x_wconf 95' lang='lat' dir='ltr'> </span> 
     </span>
    </p>
   </div>
  </div>
 </body>
</html>
