2504 3682
134 245 167 296 54
352 243 717 294 METAMORPHOSEON
736 245 772 292 11.
807 254 911 294 509—705.

133 411 230 487 fulsit,
247 421 278 473 et
293 414 333 473 ad
348 432 457 472 canam
473 413 634 473 descendit
649 413 680 471 in
697 432 831 490 aequora
846 413 968 492 Tethyn

135 515 356 590 Oceanumque
372 532 487 586 senem,
504 533 634 590 quorum
647 512 820 572 reverentia
835 513 930 572 movit
1082 525 1129 578 510

134 632 228 691 saepe
243 613 328 686 deos,
345 633 533 690 causamque
547 614 615 672 vlae
631 613 816 673 scitantibus
831 613 916 671 infit:

136 712 310 788 ‘Quaeritis
326 714 470 773 aetheriis
486 734 581 790 quare
595 714 702 791 regina
717 714 844 773 deorum

135 813 262 875 sedibus
278 815 338 874 huc
354 814 475 874 adsim?
520 817 579 874 Pro
594 834 643 874 me
658 824 743 874 tenet
759 814 854 873 altera
869 813 996 873 caelum.

136 915 280 988 Mentiar,
297 916 462 974 obscurum
478 915 538 973 nisi
553 935 615 974 nox
630 935 700 975 cum
715 915 823 974 lecerit
838 915 952 987 orbem,

135 1034 232 1092 nuper
247 1015 413 1075 honoratas
429 1034 556 1088 summo,
572 1035 641 1074 mea
654 1015 790 1088 vulnera,
807 1016 893 1074 caelo
1082 1026 1129 1078 5¹5

135 1114 273 1196 videritis
288 1116 393 1174 stellas
408 1115 471 1175 illic
486 1115 539 1174 ubi
554 1115 687 1175 circulus
702 1134 791 1175 axem

136 1215 260 1274 ultimus
276 1225 445 1275 extremum
460 1215 622 1292 spatioque
637 1217 836 1275 brevissimus
852 1215 955 1274 ambit.
1063 1221 1066 1228 “

138 1317 193 1375 Est
207 1334 279 1375 vero
295 1335 349 1375 cur
364 1317 433 1392 quis
450 1319 601 1374 Iunonem
617 1316 739 1375 laedere
755 1316 832 1375 nolit

136 1416 351 1493 offensamque
367 1427 484 1490 tremat,
502 1437 580 1494 quae
596 1436 720 1494 prosum
737 1417 804 1475 sola
818 1417 981 1475 nocendo?

138 1517 175 1589 Ο,
189 1535 246 1593 ego
258 1527 407 1593 quantum
420 1517 484 1594 egi!
519 1518 620 1591 Quam
632 1527 721 1577 vasta
732 1516 872 1594 potentia
883 1527 988 1576 nostra
1000 1525 1047 1575 est
1059 1519 1064 1574 l
1084 1528 1131 1580 5²0

139 1617 215 1676 Esse
230 1616 386 1675 hominem
401 1615 492 1689 vetui,
509 1617 593 1676 lacta
607 1627 655 1676 est
670 1618 737 1676 dea.
784 1617 834 1677 Sic
849 1635 907 1694 ego
922 1634 1039 1692 poenas

138 1716 279 1775 sontibus
294 1717 427 1792 impono,
445 1716 490 1775 sic
505 1726 552 1776 est
567 1736 635 1776 mea
651 1735 762 1794 magna
777 1726 924 1793 potestas.

138 1817 285 1877 Vindicet
300 1817 458 1894 antiquam
473 1817 585 1876 laciem
601 1818 764 1893 vultusque
780 1817 897 1876 ferinos

139 1917 290 1990 detrahat,
308 1918 454 1995 Argolica
469 1918 552 1994 quod
567 1917 599 1976 in
615 1927 686 1976 ante
703 1917 878 1976 Phoronide
893 1917 974 1976 fecit.

141 2019 204 2075 Cur
219 2035 281 2076 non
296 2027 327 2076 et
342 2018 432 2094 pulsa
446 2019 539 2077 ducat
554 2021 674 2078 Iunone
689 2036 819 2094 meoque
1085 2028 1134 2082 525

140 2116 282 2176 conlocet
297 2115 328 2174 in
344 2117 479 2176 thalamo
494 2137 696 2194 socerumque
712 2119 858 2196 Lycaona
872 2121 993 2176 sumat?

142 2218 183 2275 At
198 2235 253 2274 vos
269 2214 295 2274 si
310 2216 411 2275 laesae
427 2227 623 2294 contemptus
638 2217 738 2294 tangit
754 2218 903 2290 alumnae,

140 2316 260 2392 gurgite
276 2318 416 2376 caeruleo
434 2318 557 2394 Septem
573 2318 734 2394 prohibete
750 2318 884 2377 triones)

182 2682 263 2753 (Her
287 2691 402 2751 request
421 2701 484 2736 was
498 2684 630 2755 granted
648 2684 713 2736 and
725 2686 807 2749 Jnna
827 2691 906 2736 cuent
924 2701 1010 2752 away
1030 2684 1061 2735 in
1082 2683 1137 2735 her
1242 2709 1243 2730 r

143 2773 258 2827 chariat
276 2775 350 2828 with
370 2775 423 2828 her
436 2777 582 2845 peacechs.
627 2776 684 2828 The
706 2775 814 2846 change
833 2777 865 2828 in
885 2775 962 2829 them
986 2775 1139 2846 suggested

144 2865 210 2919 that
228 2868 266 2937 os
280 2867 326 2920 the
345 2884 444 2932 raven,
466 2868 575 2921 turned
591 2869 672 2921 blach
686 2870 744 2939 sar
761 2868 919 2938 divulging
937 2867 984 2921 the
1005 2866 1136 2937 nnsaith-

143 2957 265 3028 fnlness
277 2961 315 3029 os
325 2960 442 3012 Carenis
455 2967 483 3012 ta
495 2961 523 3013 A
521 2960 622 3029 pallas
642 2963 679 3030 of
685 2978 703 3013 a
718 2960 841 3024 maiden,
851 2959 982 3030 changed
992 2967 1020 3012 ta
1030 2977 1048 3011 a
1059 2976 1137 3012 crow

143 3052 201 3120 for
228 3049 385 3122 disclasing
408 3052 601 3104 Ericthonius
628 3053 660 3104 in
686 3052 733 3105 the
758 3052 872 3115 hashet;
901 3054 939 3121 as
958 3051 1135 3119 Nyctimene,

144 3141 273 3212 changed
282 3149 310 3194 to
323 3161 363 3195 an
376 3143 451 3207 οἱοὶ]
470 3146 508 3215 os
523 3145 671 3213 Ocyrrhai,
686 3144 815 3215 changed
824 3150 852 3195 to
865 3162 884 3196 a
899 3159 987 3207 mare,
995 3144 1137 3212 farfara-

145 3232 248 3303 telling
259 3233 379 3304 thefate
389 3237 426 3306 as
432 3236 636 3305 Aesculapius,
648 3235 695 3288 the
707 3252 758 3287 son
772 3236 809 3305 as
818 3236 939 3288 Coronis
949 3234 1013 3287 and
1019 3234 1046 3286 Α
1045 3232 1136 3301 pollo,

146 3323 209 3375 who
223 3342 286 3377 was
300 3325 421 3396 brought
433 3333 460 3378 to
474 3327 520 3379 the
533 3333 653 3379 centanr
668 3326 798 3398 Chiron.)
