2504 3682
112 177 146 225 46
331 153 695 223 narnmonruosnou
715 175 751 221 11.
786 185 890 222 225—284.

115 347 258 420 Ossaque
273 364 342 402 cum
359 345 458 402 Pindo
474 344 632 419 maiorque
649 343 799 401 ambobus
816 344 966 420 Olympus

115 445 278 520 aeriaeque
294 444 389 520 Alpes
405 454 435 503 et
451 445 573 502 nubifer
589 443 804 519 Appenninus.

156 546 235 602 Tum
250 563 323 603 vero
340 545 501 604 Phaethon
516 543 636 602 cunctis
651 563 668 603 e
683 544 822 620 partibus
837 544 942 602 orbem

115 645 225 722 aspicit
240 635 404 703 accensum
419 664 477 702 nec
492 654 595 703 tantos
611 644 743 703 sustinet
759 654 871 716 aestus,

114 747 332 821 ferventesque
348 765 437 804 auras
452 746 536 804 velut
552 764 569 804 e
584 745 710 803 fornace
726 745 879 820 profunda

114 865 166 904 ore
183 845 283 918 trahit,
301 862 468 922 currusque
484 865 557 904 suos
573 845 759 904 candescere
775 844 876 904 sentit.

116 949 154 1004 Et
168 965 268 1022 neque
284 946 344 1004 iam
359 947 479 1005 cineres
495 946 719 1022 eiectatamque
733 944 869 1004 favillam

114 1047 193 1104 ferre
209 1056 320 1122 potest,
337 1046 499 1121 calidoque
516 1045 680 1104 involvitur
696 1045 831 1121 undique
846 1046 940 1115 fumo,

116 1165 238 1221 quoque
254 1156 303 1204 eat
319 1156 371 1204 aut
387 1146 439 1204 ubi
456 1146 504 1217 sit,
521 1145 610 1222 picea
626 1144 756 1222 caligine
771 1155 872 1203 tectus

116 1246 223 1318 nescit,
241 1255 272 1304 et
288 1246 413 1305 arbitrio
429 1246 584 1305 volucrum
601 1256 740 1322 raptatur
756 1265 911 1321 equorum.

159 1346 313 1423 Sanguine
329 1356 403 1406 tunc
419 1347 549 1405 credunt
564 1347 595 1404 in
611 1365 741 1422 corpora
757 1365 875 1404 summa
890 1356 1000 1404 vocato

116 1447 303 1522 Aethiopum
319 1447 451 1522 populos
467 1447 587 1523 nigrum
603 1448 732 1505 traxisse
748 1447 890 1504 colorem.

117 1549 196 1603 Tum
211 1547 293 1605 facta
308 1556 355 1605 est
371 1547 467 1625 Libye
483 1547 579 1623 raptis
594 1547 752 1605 umoribus
768 1556 855 1605 aestu

117 1647 210 1706 arida.
256 1649 336 1704 Tum
352 1649 505 1724 nymphae
520 1647 621 1723 passis
636 1647 802 1723 fontesque
817 1647 964 1722 lacusque
1029 1717 1030 1722 ἵ

117 1747 268 1806 deflevere
283 1747 389 1806 comis.
435 1747 564 1821 Quaerit
580 1748 706 1806 Boeotia
722 1746 845 1819 Dircen,

117 1850 216 1924 Argos
232 1850 436 1926 Amymonen,
454 1849 575 1926 Ephyre
592 1847 754 1907 Pirenidas
769 1847 878 1906 undas.

118 1950 184 2006 Nec
200 1947 307 2005 sortita
323 1947 391 2005 Ioco
407 1947 558 2006 distantes
573 1948 700 2006 flumina
715 1947 798 2023 ripas

116 2056 182 2105 tuta
197 2056 331 2106 manent.
378 2047 491 2105 Mediis
507 2047 623 2105 Tanais
637 2047 768 2106 fumavit
784 2047 814 2104 in
830 2049 921 2106 undis

118 2150 300 2222 Peneosque
316 2165 410 2205 senex
425 2148 716 2223 Teuthranteusque
733 2147 846 2206 Caicus

117 2257 147 2306 et
162 2248 244 2306 celer
260 2250 400 2306 Ismenos
416 2267 485 2307 cum
503 2249 656 2324 Phegiaco
673 2249 861 2326 Erymantho

118 2366 304 2423 arsurusque
320 2347 430 2405 iterum
446 2349 590 2406 Xanthus
606 2349 766 2424 flavusque
783 2351 958 2426 LycormaS,

118 2448 232 2523 quique
248 2448 415 2507 recurvatis
430 2448 508 2507 ludit
524 2449 713 2507 Maeandros
729 2449 760 2506 in
776 2449 875 2520 undis,

118 2549 370 2626 Mygdoniusque
388 2549 488 2608 Melas
504 2558 535 2607 et
550 2550 721 2608 Taenarius
738 2551 876 2607 Eurotas.

117 2648 202 2707 Arsit
217 2657 248 2707 et
265 2649 437 2724 Euphrates
454 2649 651 2726 Babylonius,
668 2651 743 2709 arsit
759 2650 893 2708 Orontes

118 2750 378 2825 Thermodonque
394 2749 474 2808 citus
489 2751 677 2826 Gangesque
693 2760 724 2809 et
740 2750 850 2809 Phasis
866 2760 896 2808 et
914 2749 1028 2807 Hister.

120 2851 249 2908 Aestuat
265 2849 412 2926 Alpheus,
430 2849 513 2925 ripae
531 2851 736 2926 Spercheides
752 2851 869 2922 ardent,
1063 2860 1111 2912 ²50

119 2950 265 3025 quodque
281 2969 336 3008 suo
353 2951 458 3026 Tagus
474 2969 563 3008 amne
578 2951 670 3023 vehit,
688 2951 754 3009 fluit
769 2951 901 3027 ignibus,
919 2968 1043 3020 aurum;

117 3060 148 3108 et
164 3068 242 3125 quae
260 3049 421 3107 Maeonias
437 3050 630 3109 celebrarant
644 3051 778 3110 carmine
794 3051 876 3126 ripas

118 3149 282 3208 flumineae
298 3149 447 3221 volucreS,
463 3152 565 3209 medio
580 3151 702 3209 caluere
719 3154 857 3228 Caystro

120 3249 211 3306 Nilus
226 3247 258 3305 in
274 3258 442 3306 extremum
456 3250 536 3326 fugit
551 3250 728 3326 perterritus
744 3250 849 3308 orbem
