2504 3682
114 229 146 278 22
343 225 707 275 METAMORPHOSEON
727 225 747 272 Ι.
782 233 886 273 aar-454.

147 394 306 472 ‘Coniugis
323 395 450 472 augurio
467 411 653 472 quamquam
669 392 793 452 Titania
808 401 891 450 mota
907 399 962 463 est,
1064 400 1111 454 395

115 514 188 572 spes
203 505 307 555 tamen
323 495 354 553 in
371 494 466 553 dubio
482 504 537 553 est.
583 495 671 554 Adeo
687 492 874 553 caelestibus
890 491 982 550 ambo

116 596 259 655 diffidunt
274 595 406 655 monitis.
454 595 515 654 Sed
531 593 605 670 quid
621 603 771 671 temptare
786 592 932 652 nocebit?

118 696 290 756 Discedunt
306 696 471 772 velantque
486 704 580 771 caput
594 694 777 770 tunicasque
793 692 954 770 recingunt

117 807 148 856 et
163 797 264 856 iussos
280 797 400 872 lapides
417 815 474 854 sua
489 805 559 872 post
576 795 706 872 vestigia
722 795 855 853 mittunt.

119 900 199 956 Saxa
208 933 249 940 —
259 897 328 974 quis
344 898 403 956 hoc
415 897 529 969 credat,
543 895 603 954 nisi
616 896 655 954 sit
667 914 722 971 pro
738 903 818 954 teste
834 903 973 954 vetustas
984 895 1042 953 ?—
1064 905 1114 953 400

118 1017 234 1074 ponere
250 997 390 1057 duritiem
408 1015 537 1072 coepere
555 1015 706 1073 suumque
721 995 860 1073 rigorem,

119 1097 289 1174 mollirique
305 1116 398 1170 mora,
415 1097 595 1173 mollitaque
613 1097 725 1156 ducere
740 1097 878 1154 formam.

120 1200 196 1257 Mox
211 1197 263 1256 ubi
279 1206 439 1256 creverunt
455 1207 625 1274 naturaque
642 1197 743 1255 mitior
758 1196 816 1256 illis

59 1305 61 1308 ’
120 1296 257 1375 contigit,
274 1307 310 1357 ut
325 1299 486 1374 quaedam,
503 1297 548 1356 sic
564 1317 626 1356 non
644 1297 816 1369 manifesta,
834 1296 930 1356 videri

120 1401 220 1458 forma
235 1407 337 1475 potest
353 1397 494 1469 hominis,
512 1398 576 1470 sed,
594 1398 639 1456 uti
655 1399 694 1456 de
711 1416 861 1456 marmore
877 1405 996 1473 coepta,
1068 1408 1117 1460 405

122 1519 184 1558 non
200 1508 307 1558 exacta
323 1498 397 1558 satis
413 1497 602 1575 rudibusque
619 1498 774 1557 simillima
789 1497 894 1575 signis

122 1601 210 1674 Quae
225 1608 328 1658 tamen
345 1619 382 1658 ex
397 1598 457 1658 illis
473 1598 576 1675 aliquo
591 1618 663 1676 pars
678 1599 783 1657 umida
798 1616 873 1658 suco

122 1709 153 1760 et
168 1708 288 1758 terrena
303 1699 370 1773 fuit,
388 1718 477 1759 versa
493 1709 540 1758 est
556 1699 587 1757 in
603 1699 741 1776 corporis
756 1717 864 1772 usum;

123 1801 208 1877 quod
223 1799 355 1859 solidum
371 1809 418 1860 est
434 1799 576 1878 flectique
592 1800 708 1877 nequit,
726 1808 861 1859 mutatur
876 1799 907 1857 in
922 1816 1011 1871 ossa3

124 1920 204 1978 quae
219 1901 311 1960 modo
327 1920 407 1960 vena
421 1901 488 1971 luit,
506 1902 563 1960 sub
579 1902 689 1961 eodem
704 1901 828 1960 nomine
844 1900 975 1974 mansit3
1070 1910 1120 1956 410

124 2002 217 2077 inque
231 2000 317 2059 brevi
333 2000 433 2077 spatio
449 2020 629 2077 superorum
645 2002 770 2059 numine
786 2020 861 2059 saxa

124 2101 219 2160 missa
234 2100 289 2159 viri
306 2100 448 2184 manibus
464 2101 574 2160 faciem
591 2111 708 2161 traxere
724 2101 866 2174 virorum,

124 2210 155 2260 et
170 2202 208 2260 de
224 2200 358 2259 femineo
373 2210 515 2276 reparata
530 2211 577 2260 est
592 2201 708 2259 femina
722 2200 813 2260 iactu.

127 2302 204 2360 Inde
219 2319 317 2378 genus
333 2302 441 2360 durum
458 2320 564 2361 sumus
580 2301 804 2379 experiensque
820 2301 968 2374 laborum,
1006 2289 1009 2294 ⁴

126 2411 156 2462 et
171 2402 356 2460 documenta
372 2402 480 2460 damus
497 2421 558 2478 qua
573 2402 668 2460 simus
684 2401 801 2479 origine
817 2402 889 2461 nati.
1072 2409 1122 2462 415

169 2505 280 2562 Cetera
295 2502 425 2561 diversis
440 2503 531 2561 tellus
547 2502 692 2560 animalia
707 2502 815 2561 formis
887 2481 896 2500 Ι

127 2612 238 2679 sponte
254 2621 310 2661 sua
325 2603 452 2679 peperit,
470 2613 635 2679 postquam
651 2612 740 2662 vetus
756 2622 843 2661 umor
859 2603 897 2661 ab
913 2603 984 2679 igne

126 2701 276 2778 percaluit
291 2702 373 2774 solis,
391 2721 583 2779 caenumque
600 2704 742 2780 udaeque
758 2703 888 2779 paludes

128 2804 298 2862 intumuere
314 2812 410 2874 aestu,
427 2803 623 2879 fecundaque
639 2803 758 2861 semina
774 2822 873 2861 rerum

128 2901 225 2961 vivaci
242 2902 356 2961 nutrita
371 2903 446 2974 solo,
463 2922 519 2961 ceu
535 2902 642 2961 matris
657 2903 688 2960 in
704 2903 781 2975 alvo,

129 3011 290 3063 creverunt
304 3002 477 3078 faciemque
493 3002 626 3080 aliquam
643 3021 752 3079 cepere
768 3003 925 3062 morando.

130 3103 181 3163 Sic
196 3102 250 3161 ubi
266 3102 401 3162 deseruit
415 3103 557 3162 madidos
573 3103 773 3179 septemfluus
789 3123 879 3179 agros

130 3203 220 3262 Nilus
235 3212 266 3262 et
281 3203 409 3279 antiquo
425 3222 480 3261 sua
495 3203 621 3261 flumina
637 3203 770 3263 reddidit
786 3204 882 3274 alve0‚

131 3303 330 3380 ⁶etherioque
345 3322 454 3364 recens
470 3305 583 3364 exarsit
599 3305 698 3364 sidere
714 3305 813 3376 limus,
