2504 3682
477 230 604 279 MUNDI
630 229 755 278 ORIGO.

113 396 235 472 pondus
251 413 349 471 aquae
365 393 471 467 levius,
489 403 577 454 tanto
592 405 639 455 est
653 381 811 455 onerosior
826 395 898 473 igni.
943 375 946 380 Ι

116 496 182 555 Illic
197 506 228 554 et
242 494 381 568 nebulas,
398 493 460 554 illic
475 495 646 555 consistere
662 495 761 554 nubes

114 596 211 669 iussit,
228 604 259 655 et
273 596 427 655 humanas
443 605 562 654 motura
578 595 714 655 tonitrua
731 605 851 656 mentes

114 707 145 757 et
160 716 229 757 cum
244 695 427 756 fulminibus
442 695 594 754 facientes
609 696 724 774 frigora
738 705 857 755 ventos.

117 797 177 856 His
192 814 315 873 quoque
331 815 394 856 non
410 796 527 873 passim
543 796 649 855 mundi
664 796 833 856 fabricator
848 796 1025 856 habendum

115 902 187 958 aera
201 897 348 974 permisit.
393 896 454 954 Vix
469 915 552 956 nunc
567 895 726 956 obsistitur
741 895 810 969 illis,

115 1017 185 1058 cum
201 1015 257 1056 sua
272 997 403 1074 quisque
419 1005 528 1074 regant
544 995 667 1056 diverso
682 995 808 1056 flamina
822 1006 931 1068 tractu,

116 1097 191 1176 quin
207 1096 324 1156 lanient
340 1096 505 1170 mundum3
530 1105 618 1156 tanta
634 1107 683 1157 est
697 1096 852 1157 discordia
866 1097 1003 1157 fratrum.
1082 1095 1115 1145 60

119 1201 217 1258 Eurus
231 1198 272 1257 ad
287 1217 426 1258 auroram
445 1198 667 1275 Nabataeaque
685 1216 780 1276 regna
795 1198 924 1258 recessit

118 1299 306 1376 Persidaque
321 1308 352 1359 et
367 1298 461 1358 radiis
479 1299 550 1376 iuga
566 1298 692 1358 subdita
706 1298 873 1358 matutinis.

117 1402 237 1476 Vesper
252 1408 283 1458 et
298 1399 429 1459 occiduo
446 1417 525 1476 quae
542 1398 632 1459 litora
650 1399 715 1459 sole
731 1408 903 1476 tepescunt,

117 1499 256 1578 proxima
271 1508 344 1559 sunt
361 1500 503 1578 zephyro.
551 1499 706 1578 Scythiam
722 1509 902 1576 septemque
918 1499 1049 1559 trionem

118 1599 247 1659 horrifer
262 1599 374 1659 invasit
388 1601 508 1660 boreas.
554 1599 718 1660 Contraria
733 1600 825 1659 tellus
1084 1597 1116 1664 ⁶5

119 1699 253 1760 nubibus
269 1700 408 1760 adsiduis
424 1699 590 1778 pluvioque
606 1699 757 1761 madescit
773 1701 812 1759 ab
829 1709 941 1760 austro.

121 1802 211 1860 Haec
227 1819 318 1878 super
333 1800 481 1878 imposuit
496 1800 647 1877 liquidum
663 1809 694 1860 et
709 1800 859 1877 gravitate
875 1810 1029 1858 carentem

120 1902 245 1961 aethera
260 1920 318 1961 nec
333 1901 499 1978 quicquam
515 1911 655 1960 terrenae
670 1900 767 1960 faecis
782 1899 957 1959 habentem.

161 2001 222 2060 Vix
237 2001 280 2061 ita
295 2000 443 2062 limitibus
459 2002 669 2080 dissaepserat
684 2000 787 2060 omnia
803 1999 907 2073 certis,

119 2121 199 2174 cum,
216 2121 295 2179 quae
311 2121 418 2178 pressa
432 2102 486 2162 diu
501 2121 604 2162 massa
619 2100 735 2161 latuere
751 2102 809 2161 sub
826 2101 886 2174 illa,
1087 2111 1119 2162 7ο

120 2203 223 2263 sidera
238 2212 407 2280 coeperunt
421 2211 486 2263 toto
502 2203 703 2262 effervescere
719 2202 814 2262 caelo.

121 2305 192 2362 Neu
207 2302 291 2380 regio
306 2303 386 2362 foret
403 2302 464 2362 ulla
480 2301 543 2362 suis
559 2301 768 2362 animantibus
783 2301 869 2375 orba,

120 2413 204 2462 astra
219 2412 326 2463 tenent
341 2404 474 2463 caeleste
490 2402 588 2463 solum
604 2403 784 2478 formaeque
799 2403 937 2477 deorum,

37 2584 39 2588 Ι
120 2513 282 2564 cesserunt
297 2503 403 2563 nitidis
419 2502 608 2563 habitandae
623 2503 761 2579 piscibus
776 2504 888 2576 undae,

120 2613 202 2663 terra
216 2605 299 2662 feras
314 2603 404 2680 cepit,
421 2603 562 2663 volucres
577 2603 734 2682 agitabilis
749 2608 809 2664 aer.
1090 2613 1121 2668 75

165 2704 309 2764 Sanctius
323 2703 372 2762 his
388 2701 503 2762 animal
518 2703 693 2780 mentisque
708 2704 854 2780 capacius
870 2706 950 2764 altae

121 2804 229 2864 deerat
243 2804 354 2876 adhuc,
371 2813 402 2864 et
418 2803 501 2880 quod
517 2804 668 2864 dominari
684 2803 715 2884 in
731 2814 833 2864 cetera
848 2814 962 2881 posset.

122 2906 224 2963 Natus
239 2904 332 2963 homo
347 2913 413 2964 est:
436 2903 501 2963 sive
517 2905 600 2963 hunc
616 2903 722 2963 divino
734 2904 852 2963 semine
866 2905 941 2964 fecit

121 3003 171 3064 ille
188 3004 292 3080 opifex
308 3022 417 3076 rerum,
435 3005 542 3063 mundi
558 3004 693 3064 melioris
708 3003 802 3081 origo,

121 3105 187 3164 sive
203 3121 313 3163 recens
329 3104 419 3164 tellus
435 3093 625 3210 seducta*
641 3123 739 3182 nuper
754 3105 794 3164 ab
811 3104 873 3163 alto
1089 3101 1122 3152 80

122 3205 247 3265 aethere
263 3205 389 3280 cognati
403 3203 557 3264 retinebat
572 3205 690 3263 semina
705 3204 800 3276 caeli;

122 3325 215 3382 quam
232 3315 319 3364 satus
337 3307 454 3381 Iapet0,
472 3304 597 3363 mixtam
612 3304 787 3364 fluvialibus
803 3305 904 3372 undis,
