2504 3682
133 129 165 178 56
350 130 714 177 METAMORPHOSEON
734 129 770 177 ΙΙ.
806 139 909 178 'lob-79³.

133 298 164 355 in
181 297 290 355 durum
305 297 430 370 silicem,
447 296 499 372 qui
515 315 598 355 nunc
614 316 737 372 quoque
752 296 863 378 dicitur
878 296 989 369 index3

133 397 227 473 inque
243 397 317 453 nihil
334 396 441 455 merito
456 408 545 454 vetus
561 406 608 454 est
624 396 751 454 infamia
767 416 850 455 sax0.

173 665 323 735 (Mercury
337 669 415 714 ruent
428 670 456 715 to
469 662 496 714 Α
501 663 570 714 ttico
585 663 648 714 ond
657 662 761 732 souglet
777 663 824 714 tle
841 662 906 730 help
926 665 964 732 of
976 664 1125 734 Aglauros

133 757 164 808 in
185 755 231 807 leis
251 755 314 807 love
324 756 383 825 sor
401 754 505 818 Herse,
526 753 573 806 tlte
593 753 737 824 daughter
760 755 797 823 os
819 754 944 822 Cecrops.
984 755 1125 808 Minerva

133 846 259 916 opposed
274 846 355 918 tlez's.)

177 991 320 1049 Protinus
337 989 477 1048 invidiae
492 989 580 1065 nigro
597 989 771 1065 squalentia
786 991 859 1048 tabo
1077 989 1127 1051 760

133 1100 216 1149 tecta
231 1089 316 1167 petit.
363 1091 482 1147 Domus
497 1100 545 1147 est
560 1089 628 1147 imis
644 1089 674 1146 in
691 1089 823 1148 vallibus
839 1090 930 1149 huius

134 1190 247 1262 abdita,
264 1189 328 1247 sole
344 1207 461 1262 carens
478 1208 540 1247 non
556 1188 610 1247 ulli
625 1189 731 1264 pervia
746 1198 848 1261 vento,

134 1289 229 1348 tristis
244 1298 275 1347 et
291 1288 393 1366 ignavi
409 1289 589 1365 plenissima
603 1289 734 1366 frigoris,
752 1300 783 1348 et
798 1309 876 1366 quae

134 1391 204 1467 igne
219 1399 308 1449 vacet
323 1408 452 1465 semper,
469 1389 600 1466 caligine
616 1408 736 1466 semper
752 1390 896 1449 abundet.

135 1492 208 1548 Huc
223 1488 276 1548 ubi
290 1488 431 1564 pervenit
445 1489 519 1547 belli
535 1490 700 1548 metuenda
714 1489 828 1567 virag0,
1078 1489 1127 1556 765

134 1589 272 1648 constitit
288 1598 358 1647 ante
374 1590 507 1662 domum,
525 1608 624 1664 neque
640 1589 721 1647 enim
738 1591 903 1648 succedere
919 1591 1008 1649 tectis

132 1690 181 1748 fas
196 1690 298 1761 habet,
316 1699 346 1748 et
361 1699 466 1765 postes
482 1699 617 1747 extrema
633 1690 761 1765 cuspide
778 1689 887 1765 pulsat.

134 1793 313 1850 Concussae
329 1801 455 1866 patuere
470 1790 562 1848 fores.
606 1789 701 1848 Videt
716 1788 799 1847 intus
815 1790 958 1849 edentem

133 1891 273 1967 vipereas
288 1909 405 1963 carnes,
422 1889 564 1949 vitiorum
581 1889 726 1948 alimenta
742 1909 875 1963 suorum,

135 1991 297 2062 Invidiam,
313 1991 441 2065 visaque
457 1990 563 2048 oculos
579 1991 697 2048 avertit.
743 1989 851 2048 Atilia

134 2092 229 2169 surgit
244 2093 338 2149 humo
353 2090 438 2167 pigre
454 2109 702 2166 semesarumque
719 2090 863 2166 relinquit

133 2211 263 2268 corpora
278 2200 454 2266 serpentum
471 2209 625 2266 passuque
641 2190 757 2249 incedit
771 2190 878 2264 inerti3

133 2304 227 2368 utque
243 2293 332 2350 deam
348 2290 425 2348 vidit
439 2291 598 2365 formaque
615 2291 768 2365 armisque
784 2292 935 2363 decoram,

133 2392 281 2469 ingemuit
296 2390 475 2466 vultumque
491 2389 552 2447 ima
568 2391 607 2449 ad
623 2390 755 2466 suspiria
770 2390 865 2449 duxit.

135 2492 234 2550 Pallor
249 2492 278 2549 in
296 2510 347 2550 ore
363 2492 458 2562 sedet,
476 2491 590 2548 macies
606 2490 637 2548 in
654 2510 781 2566 corpore
796 2500 868 2563 toto,
1077 2503 1126 2556 775

133 2611 284 2667 nusquam
301 2601 384 2649 recta
401 2591 491 2662 acies,
509 2589 604 2648 livent
619 2590 759 2667 rubigine
776 2591 894 2664 dentes,

132 2702 258 2768 pectora
272 2692 343 2749 lelle
359 2690 466 2762 virent,
484 2690 588 2767 lingua
603 2701 650 2749 est
665 2691 783 2749 suffusa
798 2710 926 2750 veneno.

135 2792 228 2850 Risus
245 2792 341 2864 abest,
358 2790 417 2849 nisi
433 2809 522 2865 quem
539 2791 596 2848 visi
613 2810 733 2849 movere
750 2792 880 2850 dolores,

134 2895 201 2950 Nec
216 2891 325 2950 fruitur
341 2910 457 2962 somno,
473 2890 655 2965 vigilacibus
671 2891 770 2950 excita
786 2891 875 2963 curis

133 2993 189 3050 sed
204 2993 288 3051 videt
303 2991 439 3068 ingratos
455 2989 681 3066 intabescitque
697 2991 832 3050 videndo
1076 2992 1125 3054 780

133 3112 294 3151 successus
310 3091 477 3163 hominum,
494 3092 653 3167 carpitque
669 3101 699 3151 et
715 3092 849 3169 carpitur
865 3113 934 3166 una,

133 3192 378 3269 suppliciumque
394 3209 483 3249 suum
498 3201 553 3250 est.
598 3191 747 3264 Quamvis
763 3202 866 3251 tamen
881 3194 988 3252 oderat
1003 3193 1095 3266 illam,
