2504 3682
551 197 716 244 DAPHNE.
1095 196 1127 248 25

126 366 224 440 Quod
239 365 314 424 facit
330 373 468 423 auratum
485 372 533 422 est
548 373 580 422 et
595 364 723 440 cuspide
738 364 836 442 fulget
852 375 961 438 acuta3
1078 377 1128 426 470

126 467 213 542 quod
228 466 315 543 fugat
331 466 476 524 obtusum
492 473 539 524 est
551 474 582 522 et
593 464 689 523 habet
701 465 759 523 sub
770 465 944 525 harundine
956 465 1125 542 plumbum.

129 569 202 626 Hoc
218 566 295 626 deus
311 565 341 623 in
358 565 494 644 nympha
510 565 648 624 Peneide
663 565 736 638 fixit,
754 575 786 624 at
801 565 853 624 illo

125 666 218 727 laesit
234 665 416 742 Apollineas
431 663 562 724 traiecta
577 684 631 741 per
646 684 718 724 ossa
734 666 893 726 medullas,

127 766 274 826 Protinus
291 767 367 826 alter
383 774 481 838 amat,
504 764 585 844 fugit
601 766 698 824 altera
712 785 825 824 nomen
841 767 982 839 amantis,

127 867 273 926 silvarum
289 867 426 926 tenebris
441 866 695 943 captivarumque
709 866 842 924 ferarum
1078 879 1127 931 475

126 967 247 1026 exuviis
261 967 402 1045 gaudens
418 966 628 1044 innuptaeque
644 967 766 1026 aemula
782 967 931 1026 Phoebes.

127 1067 215 1126 Vitta
230 1068 394 1127 coercebat
409 1066 528 1144 positos
543 1066 611 1127 sine
627 1068 695 1145 lege
711 1067 847 1143 capillos.

172 1167 264 1226 Multi
280 1167 362 1226 illam
379 1167 505 1244 petiere,
523 1167 575 1226 illa
592 1176 734 1226 aversata
748 1177 889 1245 petentes

128 1268 293 1344 impatiens
309 1287 480 1344 expersque
496 1267 553 1326 viri
569 1286 729 1327 nemorum
745 1268 813 1326 avia
828 1268 945 1342 lustrat,

128 1387 187 1427 nec
199 1367 274 1444 quid
285 1369 418 1446 Hymen,
432 1367 507 1444 quid
518 1370 622 1440 Amor,
635 1367 710 1443 quid
722 1367 784 1427 sint
796 1369 938 1440 conubia,
952 1380 1047 1429 curat.
1078 1367 1127 1430 480

130 1470 230 1545 Saepe
246 1478 333 1545 pater
348 1468 440 1528 dixit:
465 1469 639 1528 ‘Generum
654 1467 738 1541 mibi,
755 1467 826 1541 iilia,
843 1470 959 1529 debes?

130 1571 230 1645 Saepe
244 1578 333 1645 pater
347 1568 441 1628 dixit:
467 1569 591 1629 ‘Debes
606 1568 689 1641 mihi,
707 1578 788 1641 nata,
806 1571 956 1645 nepotes’

130 1669 197 1743 Illa,
213 1669 297 1728 velut
311 1669 427 1729 crimen
444 1669 552 1729 taedas
568 1688 661 1728 exosa
677 1670 802 1746 iugaleS,

128 1769 258 1847 pulchra
271 1770 448 1830 verecundo
465 1769 653 1829 suffunditur
667 1788 722 1828 ora
737 1770 855 1844 rubore,

128 1869 223 1946 inque
239 1869 335 1946 patris
350 1869 474 1929 blandis
493 1870 627 1928 haerens
643 1868 762 1929 cervice
778 1870 908 1943 lacertis,
1077 1870 1126 1937 485

130 1973 199 2029 ‘Da
214 1970 288 2027 mihi
303 1979 461 2046 perpetua,
478 1970 600 2047 genitor
615 1969 793 2042 carissime,'
809 1969 895 2045 dixit,

130 2070 323 2147 ‘virginitate
339 2069 407 2129 frui.
454 2069 549 2129 Dedit
564 2069 624 2130 hoc
639 2078 726 2146 pater
742 2080 812 2130 ante
830 2071 969 2132 Dianae!

130 2172 187 2230 Ille
203 2169 329 2247 quidem
344 2169 533 2246 obsequitur.
580 2170 642 2230 Sed
653 2179 684 2229 te
697 2171 790 2231 decor
802 2170 860 2231 iste
873 2174 957 2248 quod
972 2183 1060 2250 optas

128 2290 199 2330 esse
214 2279 306 2343 vetat,
323 2280 458 2346 votoque
472 2279 527 2329 tuo
542 2278 595 2329 tua
610 2270 709 2330 forma
723 2282 883 2349 repugnat.

172 2372 317 2431 Phoebus
333 2379 416 2429 amat
431 2370 578 2448 visaeque
594 2370 678 2447 cupit
694 2371 828 2430 conubia
844 2374 1002 2450 Daphnes
1078 2388 1127 2438 490

129 2473 275 2551 quodque
291 2470 384 2548 cupit,
400 2480 520 2547 sperat;
544 2483 661 2548 suaque
677 2470 761 2529 illurn
777 2474 901 2532 oracula
915 2475 1034 2534 fallunt.

129 2575 235 2649 thue
251 2573 335 2633 leves
350 2571 483 2648 stipulae
499 2571 632 2648 demptis
648 2572 812 2632 adolentur
827 2573 937 2647 aristis,

128 2683 163 2733 ut
177 2673 299 2732 facibus
314 2690 426 2748 saepes
441 2671 560 2744 ardent,
577 2691 655 2749 quas
670 2673 749 2731 forte
765 2673 864 2732 viator

128 2774 176 2833 vel
192 2772 283 2833 nimis
299 2771 437 2832 admovit
450 2771 500 2832 vel
515 2770 576 2829 iarn
591 2773 649 2831 sub
664 2773 732 2832 luce
748 2773 881 2850 reliquit,

128 2874 173 2934 sic
188 2875 266 2933 deus
280 2872 313 2932 in
328 2871 468 2931 flammas
484 2871 568 2946 abiit,
586 2872 630 2932 sic
644 2883 769 2950 pectore
784 2884 851 2934 toto

127 2974 225 3035 uritur
239 2982 271 3034 et
286 2973 421 3034 sterilem
437 2974 593 3049 sperando
610 2974 704 3033 nutrit
720 2994 864 3035 amorem.

129 3079 257 3152 Spectat
271 3074 431 3135 inornatos
446 3073 526 3134 collo
541 3074 678 3151 pendere
693 3075 830 3151 capillos,

128 3185 167 3248 et,
186 3174 297 3250 ‘Quid‚
314 3175 341 3235 si
356 3184 519 3235 comantur
529 3175 558 3236 ?'
582 3176 633 3235 ait.
678 3176 772 3236 Videt
788 3175 859 3253 igne
875 3177 1025 3238 micantes

82 3325 87 3338 .
128 3276 283 3337 sideribus
299 3275 415 3337 similes
430 3277 544 3346 oculos,
561 3276 646 3337 videt
661 3277 775 3349 oscula,
793 3296 873 3353 quae
889 3297 951 3336 non
