<?xml version="1.0" encoding="UTF-8"?>
<!DOCTYPE html PUBLIC "-//W3C//DTD XHTML 1.0 Transitional//EN"
    "http://www.w3.org/TR/xhtml1/DTD/xhtml1-transitional.dtd">
<html xmlns="http://www.w3.org/1999/xhtml" xml:lang="en" lang="en">
 <head>
  <title>
</title>
<meta http-equiv="Content-Type" content="text/html;charset=utf-8" />
  <meta name='ocr-system' content='tesseract 3.04.00' />
  <meta name='ocr-capabilities' content='ocr_page ocr_carea ocr_par ocr_line ocrx_word'/>
</head>
<body>
  <div class='ocr_page' id='page_1' title='image "./firstandsecondb01ovidgoog/firstandsecondb01ovidgoog_0028.png"; bbox 0 0 2504 3682; ppageno 0'>
   <div class='ocr_carea' id='block_1_1' title="bbox 123 181 832 250">
    <p class='ocr_par' dir='ltr' id='par_1_1' title="bbox 123 181 832 250">
     <span class='ocr_line' id='line_1_1' title="bbox 123 181 832 250; baseline -0.003 -6"><span class='ocrx_word' id='word_1_1' title='bbox 123 181 143 244; x_wconf 90' lang='lat'><strong>&#39;4</strong></span> <span class='ocrx_word' id='word_1_2' title='bbox 417 197 601 250; x_wconf 76' lang='lat' dir='ltr'><strong>rnrsrruM</strong></span> <span class='ocrx_word' id='word_1_3' title='bbox 626 197 672 245; x_wconf 89' lang='lat' dir='ltr'><strong>rv.</strong></span> <span class='ocrx_word' id='word_1_4' title='bbox 698 211 723 244; x_wconf 81' lang='lat' dir='ltr'><strong>x.</strong></span> <span class='ocrx_word' id='word_1_5' title='bbox 742 206 832 246; x_wconf 66' lang='lat' dir='ltr'><strong>nnn</strong></span> 
     </span>
    </p>
   </div>
   <div class='ocr_carea' id='block_1_2' title="bbox 130 363 1131 3350">
    <p class='ocr_par' dir='ltr' id='par_1_2' title="bbox 130 363 1131 3350">
     <span class='ocr_line' id='line_1_2' title="bbox 130 363 900 440; baseline 0 -18"><span class='ocrx_word' id='word_1_6' title='bbox 130 366 201 422; x_wconf 92' lang='lat' dir='ltr'><strong>Non</strong></span> <span class='ocrx_word' id='word_1_7' title='bbox 217 363 305 430; x_wconf 88' lang='lat' dir='ltr'><strong>aliter</strong></span> <span class='ocrx_word' id='word_1_8' title='bbox 319 363 390 422; x_wconf 92' lang='lat' dir='ltr'><strong>flevi</strong></span> <span class='ocrx_word' id='word_1_9' title='bbox 405 384 497 440; x_wconf 87' lang='lat' dir='ltr'><strong>quam</strong></span> <span class='ocrx_word' id='word_1_10' title='bbox 514 383 562 423; x_wconf 93' lang='lat' dir='ltr'><strong>me</strong></span> <span class='ocrx_word' id='word_1_11' title='bbox 579 365 706 424; x_wconf 90' lang='lat' dir='ltr'><strong>fleturus</strong></span> <span class='ocrx_word' id='word_1_12' title='bbox 722 366 900 440; x_wconf 88' lang='lat' dir='ltr'><strong>ademptum</strong></span> 
     </span>
     <span class='ocr_line' id='line_1_3' title="bbox 172 464 776 542; baseline 0.003 -21"><span class='ocrx_word' id='word_1_13' title='bbox 172 464 221 522; x_wconf 92' lang='lat' dir='ltr'><strong>ille</strong></span> <span class='ocrx_word' id='word_1_14' title='bbox 237 464 305 523; x_wconf 83' lang='lat' dir='ltr'><strong>fuit.</strong></span> <span class='ocrx_word' id='word_1_15' title='bbox 350 464 445 523; x_wconf 89' lang='lat' dir='ltr'><strong>Matri</strong></span> <span class='ocrx_word' id='word_1_16' title='bbox 461 465 600 542; x_wconf 87' lang='lat' dir='ltr'><strong>proxima</strong></span> <span class='ocrx_word' id='word_1_17' title='bbox 617 465 697 523; x_wconf 90' lang='lat' dir='ltr'><strong>iusta</strong></span> <span class='ocrx_word' id='word_1_18' title='bbox 712 465 776 523; x_wconf 91' lang='lat' dir='ltr'><strong>tuli.</strong></span> 
     </span>
     <span class='ocr_line' id='line_1_4' title="bbox 132 564 755 642; baseline 0 -20"><span class='ocrx_word' id='word_1_19' title='bbox 132 564 250 624; x_wconf 89' lang='lat' dir='ltr'><strong>Felices</strong></span> <span class='ocrx_word' id='word_1_20' title='bbox 267 565 357 623; x_wconf 91' lang='lat' dir='ltr'><strong>ambo</strong></span> <span class='ocrx_word' id='word_1_21' title='bbox 373 565 617 642; x_wconf 82' lang='lat' dir='ltr'><strong>tempestiveque</strong></span> <span class='ocrx_word' id='word_1_22' title='bbox 633 564 755 641; x_wconf 88' lang='lat' dir='ltr'><strong>sepulti,</strong></span> 
     </span>
     <span class='ocr_line' id='line_1_5' title="bbox 173 665 851 743; baseline 0 -20"><span class='ocrx_word' id='word_1_23' title='bbox 173 674 243 724; x_wconf 91' lang='lat' dir='ltr'><strong>ante</strong></span> <span class='ocrx_word' id='word_1_24' title='bbox 259 665 341 724; x_wconf 92' lang='lat' dir='ltr'><strong>diem</strong></span> <span class='ocrx_word' id='word_1_25' title='bbox 357 684 475 741; x_wconf 87' lang='lat' dir='ltr'><strong>poenae</strong></span> <span class='ocrx_word' id='word_1_26' title='bbox 492 667 575 742; x_wconf 92' lang='lat' dir='ltr'><strong>quod</strong></span> <span class='ocrx_word' id='word_1_27' title='bbox 590 665 706 743; x_wconf 88' lang='lat' dir='ltr'><strong>periere</strong></span> <span class='ocrx_word' id='word_1_28' title='bbox 722 669 825 724; x_wconf 86' lang='lat' dir='ltr'><strong>meae!</strong></span> <span class='ocrx_word' id='word_1_29' title='bbox 849 673 851 678; x_wconf 83' lang='grc'>’</span> 
     </span>
     <span class='ocr_line' id='line_1_6' title="bbox 132 764 916 842; baseline -0.001 -18"><span class='ocrx_word' id='word_1_30' title='bbox 132 767 185 824; x_wconf 95' lang='lat' dir='ltr'><strong>Me</strong></span> <span class='ocrx_word' id='word_1_31' title='bbox 201 784 323 842; x_wconf 93' lang='lat' dir='ltr'><strong>quoque</strong></span> <span class='ocrx_word' id='word_1_32' title='bbox 338 765 468 838; x_wconf 85' lang='lat' dir='ltr'><strong>felicem,</strong></span> <span class='ocrx_word' id='word_1_33' title='bbox 486 766 569 842; x_wconf 92' lang='lat' dir='ltr'><strong>quod</strong></span> <span class='ocrx_word' id='word_1_34' title='bbox 586 785 648 823; x_wconf 93' lang='lat' dir='ltr'><strong>non</strong></span> <span class='ocrx_word' id='word_1_35' title='bbox 664 764 840 825; x_wconf 91' lang='lat' dir='ltr'><strong>viventibus</strong></span> <span class='ocrx_word' id='word_1_36' title='bbox 857 765 916 823; x_wconf 92' lang='lat' dir='ltr'><strong>illis</strong></span> 
     </span>
     <span class='ocr_line' id='line_1_7' title="bbox 174 865 874 942; baseline 0 -18"><span class='ocrx_word' id='word_1_37' title='bbox 174 884 241 924; x_wconf 91' lang='lat' dir='ltr'><strong>sum</strong></span> <span class='ocrx_word' id='word_1_38' title='bbox 258 865 358 937; x_wconf 91' lang='lat' dir='ltr'><strong>miser,</strong></span> <span class='ocrx_word' id='word_1_39' title='bbox 375 875 405 924; x_wconf 91' lang='lat' dir='ltr'><strong>et</strong></span> <span class='ocrx_word' id='word_1_40' title='bbox 421 867 459 925; x_wconf 93' lang='lat' dir='ltr'><strong>de</strong></span> <span class='ocrx_word' id='word_1_41' title='bbox 475 885 523 926; x_wconf 92' lang='lat' dir='ltr'><strong>me</strong></span> <span class='ocrx_word' id='word_1_42' title='bbox 539 867 623 942; x_wconf 89' lang='lat' dir='ltr'><strong>quod</strong></span> <span class='ocrx_word' id='word_1_43' title='bbox 639 865 764 924; x_wconf 89' lang='lat' dir='ltr'><strong>doluere</strong></span> <span class='ocrx_word' id='word_1_44' title='bbox 780 865 874 924; x_wconf 83' lang='lat' dir='ltr'><strong>nihil!</strong></span> 
     </span>
     <span class='ocr_line' id='line_1_8' title="bbox 133 961 1125 1042; baseline 0.003 -17"><span class='ocrx_word' id='word_1_45' title='bbox 133 966 165 1025; x_wconf 90' lang='lat' dir='ltr'><strong>Si</strong></span> <span class='ocrx_word' id='word_1_46' title='bbox 180 975 283 1024; x_wconf 91' lang='lat' dir='ltr'><strong>tamen</strong></span> <span class='ocrx_word' id='word_1_47' title='bbox 300 965 459 1025; x_wconf 89' lang='lat' dir='ltr'><strong>exstinctis</strong></span> <span class='ocrx_word' id='word_1_48' title='bbox 476 966 592 1042; x_wconf 86' lang='lat' dir='ltr'><strong>aliquid</strong></span> <span class='ocrx_word' id='word_1_49' title='bbox 607 964 667 1024; x_wconf 91' lang='lat' dir='ltr'><strong>nisi</strong></span> <span class='ocrx_word' id='word_1_50' title='bbox 683 965 808 1024; x_wconf 88' lang='lat' dir='ltr'><strong>nomina</strong></span> <span class='ocrx_word' id='word_1_51' title='bbox 823 974 927 1037; x_wconf 89' lang='lat' dir='ltr'><strong>restat,</strong></span> <span class='ocrx_word' id='word_1_52' title='bbox 1032 995 1034 1000; x_wconf 95' lang='lat'>·</span> <span class='ocrx_word' id='word_1_53' title='bbox 1092 961 1125 1028; x_wconf 79' lang='grc'><strong>35</strong></span> 
     </span>
     <span class='ocr_line' id='line_1_9' title="bbox 174 1065 853 1144; baseline -0.001 -20"><span class='ocrx_word' id='word_1_54' title='bbox 174 1075 205 1124; x_wconf 89' lang='lat' dir='ltr'><strong>et</strong></span> <span class='ocrx_word' id='word_1_55' title='bbox 219 1065 342 1143; x_wconf 88' lang='lat' dir='ltr'><strong>gracilis</strong></span> <span class='ocrx_word' id='word_1_56' title='bbox 358 1075 491 1126; x_wconf 90' lang='lat' dir='ltr'><strong>structos</strong></span> <span class='ocrx_word' id='word_1_57' title='bbox 507 1065 615 1144; x_wconf 86' lang='lat' dir='ltr'><strong>effugit</strong></span> <span class='ocrx_word' id='word_1_58' title='bbox 631 1066 738 1125; x_wconf 91' lang='lat' dir='ltr'><strong>umbra</strong></span> <span class='ocrx_word' id='word_1_59' title='bbox 753 1084 853 1143; x_wconf 87' lang='lat' dir='ltr'><strong>rogos,</strong></span> 
     </span>
     <span class='ocr_line' id='line_1_10' title="bbox 132 1165 925 1242; baseline 0 -18"><span class='ocrx_word' id='word_1_60' title='bbox 132 1168 223 1238; x_wconf 86' lang='lat' dir='ltr'><strong>fama,</strong></span> <span class='ocrx_word' id='word_1_61' title='bbox 240 1166 424 1242; x_wconf 91' lang='lat' dir='ltr'><strong>parentales,</strong></span> <span class='ocrx_word' id='word_1_62' title='bbox 441 1167 467 1226; x_wconf 93' lang='lat' dir='ltr'><strong>si</strong></span> <span class='ocrx_word' id='word_1_63' title='bbox 482 1185 537 1225; x_wconf 94' lang='lat' dir='ltr'><strong>vos</strong></span> <span class='ocrx_word' id='word_1_64' title='bbox 553 1185 621 1226; x_wconf 89' lang='lat' dir='ltr'><strong>mea</strong></span> <span class='ocrx_word' id='word_1_65' title='bbox 637 1165 773 1242; x_wconf 89' lang='lat' dir='ltr'><strong>contigit,</strong></span> <span class='ocrx_word' id='word_1_66' title='bbox 791 1165 925 1236; x_wconf 89' lang='lat' dir='ltr'><strong>umbrae,</strong></span> 
     </span>
     <span class='ocr_line' id='line_1_11' title="bbox 175 1265 815 1345; baseline -0.002 -20"><span class='ocrx_word' id='word_1_67' title='bbox 175 1275 206 1326; x_wconf 92' lang='lat' dir='ltr'><strong>et</strong></span> <span class='ocrx_word' id='word_1_68' title='bbox 221 1276 292 1325; x_wconf 93' lang='lat' dir='ltr'><strong>sunt</strong></span> <span class='ocrx_word' id='word_1_69' title='bbox 308 1265 339 1323; x_wconf 93' lang='lat' dir='ltr'><strong>in</strong></span> <span class='ocrx_word' id='word_1_70' title='bbox 357 1266 463 1345; x_wconf 87' lang='lat' dir='ltr'><strong>Stygio</strong></span> <span class='ocrx_word' id='word_1_71' title='bbox 478 1266 605 1325; x_wconf 89' lang='lat' dir='ltr'><strong>crimina</strong></span> <span class='ocrx_word' id='word_1_72' title='bbox 619 1276 725 1326; x_wconf 92' lang='lat' dir='ltr'><strong>nostra</strong></span> <span class='ocrx_word' id='word_1_73' title='bbox 738 1267 815 1339; x_wconf 75' lang='lat' dir='ltr'><strong>lom,</strong></span> 
     </span>
     <span class='ocr_line' id='line_1_12' title="bbox 134 1366 1093 1442; baseline -0.004 -16"><span class='ocrx_word' id='word_1_74' title='bbox 134 1367 220 1439; x_wconf 92' lang='lat' dir='ltr'><strong>scite,</strong></span> <span class='ocrx_word' id='word_1_75' title='bbox 237 1385 353 1442; x_wconf 85' lang='lat' dir='ltr'><strong>precor,</strong></span> <span class='ocrx_word' id='word_1_76' title='bbox 371 1385 613 1426; x_wconf 88' lang='lat' dir='ltr'><strong>causam-nec</strong></span> <span class='ocrx_word' id='word_1_77' title='bbox 627 1386 683 1426; x_wconf 90' lang='lat' dir='ltr'><strong>vos</strong></span> <span class='ocrx_word' id='word_1_78' title='bbox 698 1366 772 1424; x_wconf 88' lang='lat' dir='ltr'><strong>mihi</strong></span> <span class='ocrx_word' id='word_1_79' title='bbox 786 1366 892 1425; x_wconf 83' lang='lat' dir='ltr'><strong>fallere</strong></span> <span class='ocrx_word' id='word_1_80' title='bbox 907 1366 955 1423; x_wconf 82' lang='lat' dir='ltr'><strong>fas</strong></span> <span class='ocrx_word' id='word_1_81' title='bbox 971 1373 1068 1424; x_wconf 91' lang='lat' dir='ltr'><strong>est-</strong></span> <span class='ocrx_word' id='word_1_82' title='bbox 1090 1389 1093 1395; x_wconf 93' lang='lat'><em>·</em></span> 
     </span>
     <span class='ocr_line' id='line_1_13' title="bbox 176 1466 1127 1542; baseline 0 -16"><span class='ocrx_word' id='word_1_83' title='bbox 176 1485 309 1526; x_wconf 89' lang='lat' dir='ltr'><strong>errorem</strong></span> <span class='ocrx_word' id='word_1_84' title='bbox 325 1466 436 1539; x_wconf 89' lang='lat' dir='ltr'><strong>iussae,</strong></span> <span class='ocrx_word' id='word_1_85' title='bbox 453 1484 514 1525; x_wconf 91' lang='lat' dir='ltr'><strong>non</strong></span> <span class='ocrx_word' id='word_1_86' title='bbox 531 1468 639 1538; x_wconf 79' lang='lat' dir='ltr'><strong>sceluS,</strong></span> <span class='ocrx_word' id='word_1_87' title='bbox 657 1485 725 1525; x_wconf 90' lang='lat' dir='ltr'><strong>esse</strong></span> <span class='ocrx_word' id='word_1_88' title='bbox 742 1467 843 1542; x_wconf 82' lang='lat' dir='ltr'><strong>fugae.</strong></span> <span class='ocrx_word' id='word_1_89' title='bbox 869 1501 871 1505; x_wconf 92' lang='lat'><em>-</em></span> <span class='ocrx_word' id='word_1_90' title='bbox 1094 1477 1127 1526; x_wconf 89' lang='lat'><strong>90</strong></span> 
     </span>
     <span class='ocr_line' id='line_1_14' title="bbox 136 1565 1014 1639; baseline -0.007 -13"><span class='ocrx_word' id='word_1_91' title='bbox 136 1567 283 1626; x_wconf 89' lang='lat' dir='ltr'><strong>Manibus</strong></span> <span class='ocrx_word' id='word_1_92' title='bbox 299 1567 358 1625; x_wconf 93' lang='lat' dir='ltr'><strong>hoc</strong></span> <span class='ocrx_word' id='word_1_93' title='bbox 373 1565 448 1625; x_wconf 90' lang='lat' dir='ltr'><strong>satis</strong></span> <span class='ocrx_word' id='word_1_94' title='bbox 464 1576 519 1625; x_wconf 88' lang='lat' dir='ltr'><strong>est.</strong></span> <span class='ocrx_word' id='word_1_95' title='bbox 564 1568 614 1627; x_wconf 91' lang='lat' dir='ltr'><strong>Ad</strong></span> <span class='ocrx_word' id='word_1_96' title='bbox 626 1585 690 1639; x_wconf 93' lang='lat' dir='ltr'><strong>vos,</strong></span> <span class='ocrx_word' id='word_1_97' title='bbox 707 1566 854 1638; x_wconf 90' lang='lat' dir='ltr'><strong>studiosa,</strong></span> <span class='ocrx_word' id='word_1_98' title='bbox 871 1574 1014 1636; x_wconf 87' lang='lat' dir='ltr'><strong>revertor,</strong></span> 
     </span>
     <span class='ocr_line' id='line_1_15' title="bbox 177 1666 861 1744; baseline 0 -18"><span class='ocrx_word' id='word_1_99' title='bbox 177 1676 311 1744; x_wconf 88' lang='lat' dir='ltr'><strong>pectora,</strong></span> <span class='ocrx_word' id='word_1_100' title='bbox 329 1685 408 1743; x_wconf 89' lang='lat' dir='ltr'><strong>quae</strong></span> <span class='ocrx_word' id='word_1_101' title='bbox 423 1667 504 1726; x_wconf 85' lang='lat' dir='ltr'><strong>vitae</strong></span> <span class='ocrx_word' id='word_1_102' title='bbox 520 1666 666 1744; x_wconf 86' lang='lat' dir='ltr'><strong>quaeritis</strong></span> <span class='ocrx_word' id='word_1_103' title='bbox 681 1676 751 1726; x_wconf 89' lang='lat' dir='ltr'><strong>acta</strong></span> <span class='ocrx_word' id='word_1_104' title='bbox 765 1685 861 1726; x_wconf 91' lang='lat' dir='ltr'><strong>meae.</strong></span> 
     </span>
     <span class='ocr_line' id='line_1_16' title="bbox 137 1766 848 1844; baseline 0.003 -19"><span class='ocrx_word' id='word_1_105' title='bbox 137 1770 203 1826; x_wconf 90' lang='lat' dir='ltr'><strong>Iam</strong></span> <span class='ocrx_word' id='word_1_106' title='bbox 219 1767 293 1825; x_wconf 92' lang='lat' dir='ltr'><strong>mihi</strong></span> <span class='ocrx_word' id='word_1_107' title='bbox 308 1766 437 1828; x_wconf 89' lang='lat' dir='ltr'><strong>canities</strong></span> <span class='ocrx_word' id='word_1_108' title='bbox 453 1767 550 1844; x_wconf 93' lang='lat' dir='ltr'><strong>pulsis</strong></span> <span class='ocrx_word' id='word_1_109' title='bbox 566 1769 744 1829; x_wconf 90' lang='lat' dir='ltr'><strong>melioribus</strong></span> <span class='ocrx_word' id='word_1_110' title='bbox 759 1768 848 1827; x_wconf 91' lang='lat' dir='ltr'><strong>annis</strong></span> 
     </span>
     <span class='ocr_line' id='line_1_17' title="bbox 177 1868 843 1945; baseline 0 -18"><span class='ocrx_word' id='word_1_111' title='bbox 177 1876 313 1940; x_wconf 89' lang='lat' dir='ltr'><strong>venerat,</strong></span> <span class='ocrx_word' id='word_1_112' title='bbox 330 1868 473 1944; x_wconf 88' lang='lat' dir='ltr'><strong>antiquas</strong></span> <span class='ocrx_word' id='word_1_113' title='bbox 489 1869 713 1945; x_wconf 88' lang='lat' dir='ltr'><strong>miscueratque</strong></span> <span class='ocrx_word' id='word_1_114' title='bbox 729 1888 843 1941; x_wconf 89' lang='lat' dir='ltr'><strong>comas,</strong></span> 
     </span>
     <span class='ocr_line' id='line_1_18' title="bbox 136 1968 827 2045; baseline 0 -18"><span class='ocrx_word' id='word_1_115' title='bbox 136 1977 268 2045; x_wconf 90' lang='lat' dir='ltr'><strong>postque</strong></span> <span class='ocrx_word' id='word_1_116' title='bbox 285 1987 369 2027; x_wconf 91' lang='lat' dir='ltr'><strong>meos</strong></span> <span class='ocrx_word' id='word_1_117' title='bbox 384 1977 469 2028; x_wconf 89' lang='lat' dir='ltr'><strong>ortus</strong></span> <span class='ocrx_word' id='word_1_118' title='bbox 485 1968 595 2027; x_wconf 91' lang='lat' dir='ltr'><strong>Pisaea</strong></span> <span class='ocrx_word' id='word_1_119' title='bbox 609 1969 730 2028; x_wconf 90' lang='lat' dir='ltr'><strong>vinctus</strong></span> <span class='ocrx_word' id='word_1_120' title='bbox 746 1970 827 2028; x_wconf 90' lang='lat' dir='ltr'><strong>oliva</strong></span> 
     </span>
     <span class='ocr_line' id='line_1_19' title="bbox 179 2067 848 2146; baseline 0.003 -20"><span class='ocrx_word' id='word_1_121' title='bbox 179 2069 347 2126; x_wconf 88' lang='lat' dir='ltr'><strong>abstulerat</strong></span> <span class='ocrx_word' id='word_1_122' title='bbox 362 2067 466 2126; x_wconf 90' lang='lat' dir='ltr'><strong>decies</strong></span> <span class='ocrx_word' id='word_1_123' title='bbox 482 2069 617 2144; x_wconf 87' lang='lat' dir='ltr'><strong>praemia</strong></span> <span class='ocrx_word' id='word_1_124' title='bbox 632 2071 729 2128; x_wconf 91' lang='lat' dir='ltr'><strong>victor</strong></span> <span class='ocrx_word' id='word_1_125' title='bbox 744 2088 848 2146; x_wconf 79' lang='lat' dir='ltr'><strong>equeS,</strong></span> 
     </span>
     <span class='ocr_line' id='line_1_20' title="bbox 138 2167 886 2244; baseline 0.001 -17"><span class='ocrx_word' id='word_1_126' title='bbox 138 2188 206 2227; x_wconf 93' lang='lat' dir='ltr'><strong>cum</strong></span> <span class='ocrx_word' id='word_1_127' title='bbox 223 2168 314 2227; x_wconf 93' lang='lat' dir='ltr'><strong>maris</strong></span> <span class='ocrx_word' id='word_1_128' title='bbox 331 2167 441 2227; x_wconf 90' lang='lat' dir='ltr'><strong>Euxini</strong></span> <span class='ocrx_word' id='word_1_129' title='bbox 456 2168 575 2244; x_wconf 87' lang='lat' dir='ltr'><strong>positos</strong></span> <span class='ocrx_word' id='word_1_130' title='bbox 591 2169 630 2228; x_wconf 95' lang='lat' dir='ltr'><strong>ad</strong></span> <span class='ocrx_word' id='word_1_131' title='bbox 645 2170 732 2228; x_wconf 89' lang='lat' dir='ltr'><strong>laeva</strong></span> <span class='ocrx_word' id='word_1_132' title='bbox 747 2169 886 2228; x_wconf 88' lang='lat' dir='ltr'><strong>Tomitas</strong></span> 
     </span>
     <span class='ocr_line' id='line_1_21' title="bbox 180 2269 814 2346; baseline 0.002 -19"><span class='ocrx_word' id='word_1_133' title='bbox 180 2288 326 2345; x_wconf 88' lang='lat' dir='ltr'><strong>quaerere</strong></span> <span class='ocrx_word' id='word_1_134' title='bbox 342 2288 390 2327; x_wconf 91' lang='lat' dir='ltr'><strong>me</strong></span> <span class='ocrx_word' id='word_1_135' title='bbox 406 2269 482 2330; x_wconf 92' lang='lat' dir='ltr'><strong>laesi</strong></span> <span class='ocrx_word' id='word_1_136' title='bbox 497 2269 646 2346; x_wconf 89' lang='lat' dir='ltr'><strong>principis</strong></span> <span class='ocrx_word' id='word_1_137' title='bbox 660 2269 705 2327; x_wconf 90' lang='lat' dir='ltr'><strong>ira</strong></span> <span class='ocrx_word' id='word_1_138' title='bbox 721 2270 814 2328; x_wconf 89' lang='lat' dir='ltr'><strong>iubet.</strong></span> 
     </span>
     <span class='ocr_line' id='line_1_22' title="bbox 139 2369 971 2447; baseline -0.001 -19"><span class='ocrx_word' id='word_1_139' title='bbox 139 2372 242 2429; x_wconf 87' lang='lat' dir='ltr'><strong>Causa</strong></span> <span class='ocrx_word' id='word_1_140' title='bbox 258 2388 344 2428; x_wconf 90' lang='lat' dir='ltr'><strong>meae</strong></span> <span class='ocrx_word' id='word_1_141' title='bbox 361 2369 480 2429; x_wconf 92' lang='lat' dir='ltr'><strong>cunctis</strong></span> <span class='ocrx_word' id='word_1_142' title='bbox 495 2369 621 2428; x_wconf 92' lang='lat' dir='ltr'><strong>nimium</strong></span> <span class='ocrx_word' id='word_1_143' title='bbox 638 2389 761 2447; x_wconf 92' lang='lat' dir='ltr'><strong>quoque</strong></span> <span class='ocrx_word' id='word_1_144' title='bbox 777 2379 850 2429; x_wconf 88' lang='lat' dir='ltr'><strong>nota</strong></span> <span class='ocrx_word' id='word_1_145' title='bbox 865 2370 971 2428; x_wconf 89' lang='lat' dir='ltr'><strong>ruinae</strong></span> 
     </span>
     <span class='ocr_line' id='line_1_23' title="bbox 180 2469 1131 2531; baseline 0.002 -4"><span class='ocrx_word' id='word_1_146' title='bbox 180 2470 294 2528; x_wconf 92' lang='lat' dir='ltr'><strong>indicio</strong></span> <span class='ocrx_word' id='word_1_147' title='bbox 309 2489 372 2528; x_wconf 92' lang='lat' dir='ltr'><strong>non</strong></span> <span class='ocrx_word' id='word_1_148' title='bbox 388 2479 436 2528; x_wconf 91' lang='lat' dir='ltr'><strong>est</strong></span> <span class='ocrx_word' id='word_1_149' title='bbox 452 2469 646 2531; x_wconf 83' lang='lat' dir='ltr'><strong>testificanda</strong></span> <span class='ocrx_word' id='word_1_150' title='bbox 661 2490 739 2530; x_wconf 92' lang='lat' dir='ltr'><strong>me0.</strong></span> <span class='ocrx_word' id='word_1_151' title='bbox 1085 2479 1131 2514; x_wconf 88' lang='lat'><strong>100</strong></span> 
     </span>
     <span class='ocr_line' id='line_1_24' title="bbox 139 2560 1088 2646; baseline -0.003 -18"><span class='ocrx_word' id='word_1_152' title='bbox 139 2571 223 2644; x_wconf 89' lang='lat' dir='ltr'><strong>Quid</strong></span> <span class='ocrx_word' id='word_1_153' title='bbox 239 2571 367 2629; x_wconf 76' lang='lat' dir='ltr'><strong>referam</strong></span> <span class='ocrx_word' id='word_1_154' title='bbox 382 2560 589 2646; x_wconf 89' lang='lat' dir='ltr'><strong>comitumque</strong></span> <span class='ocrx_word' id='word_1_155' title='bbox 605 2572 693 2630; x_wconf 84' lang='lat' dir='ltr'><strong>nefas</strong></span> <span class='ocrx_word' id='word_1_156' title='bbox 708 2572 903 2646; x_wconf 82' lang='lat' dir='ltr'><strong>famulosque</strong></span> <span class='ocrx_word' id='word_1_157' title='bbox 920 2568 1088 2626; x_wconf 89' lang='lat' dir='ltr'><strong>nocentes?</strong></span> 
     </span>
     <span class='ocr_line' id='line_1_25' title="bbox 182 2670 738 2748; baseline 0.004 -20"><span class='ocrx_word' id='word_1_158' title='bbox 182 2673 256 2746; x_wconf 82' lang='lat' dir='ltr'><strong>ipsa</strong></span> <span class='ocrx_word' id='word_1_159' title='bbox 271 2671 366 2729; x_wconf 90' lang='lat' dir='ltr'><strong>multa</strong></span> <span class='ocrx_word' id='word_1_160' title='bbox 380 2670 435 2729; x_wconf 91' lang='lat' dir='ltr'><strong>tuli</strong></span> <span class='ocrx_word' id='word_1_161' title='bbox 451 2690 512 2729; x_wconf 92' lang='lat' dir='ltr'><strong>non</strong></span> <span class='ocrx_word' id='word_1_162' title='bbox 530 2670 644 2731; x_wconf 84' lang='lat' dir='ltr'><strong>leviora</strong></span> <span class='ocrx_word' id='word_1_163' title='bbox 658 2673 738 2748; x_wconf 82' lang='lat' dir='ltr'><strong>fuga.</strong></span> 
     </span>
     <span class='ocr_line' id='line_1_26' title="bbox 141 2771 910 2847; baseline -0.001 -19"><span class='ocrx_word' id='word_1_164' title='bbox 141 2771 306 2847; x_wconf 86' lang='lat' dir='ltr'><strong>Indignata</strong></span> <span class='ocrx_word' id='word_1_165' title='bbox 321 2771 409 2829; x_wconf 91' lang='lat' dir='ltr'><strong>malis</strong></span> <span class='ocrx_word' id='word_1_166' title='bbox 426 2790 512 2830; x_wconf 92' lang='lat' dir='ltr'><strong>mens</strong></span> <span class='ocrx_word' id='word_1_167' title='bbox 528 2782 575 2831; x_wconf 91' lang='lat' dir='ltr'><strong>est</strong></span> <span class='ocrx_word' id='word_1_168' title='bbox 590 2773 798 2843; x_wconf 90' lang='lat' dir='ltr'><strong>succumbere,</strong></span> <span class='ocrx_word' id='word_1_169' title='bbox 817 2787 910 2844; x_wconf 91' lang='lat' dir='ltr'><strong>seque</strong></span> 
     </span>
     <span class='ocr_line' id='line_1_27' title="bbox 181 2869 795 2947; baseline 0.003 -19"><span class='ocrx_word' id='word_1_170' title='bbox 181 2872 334 2947; x_wconf 90' lang='lat' dir='ltr'><strong>praestitit</strong></span> <span class='ocrx_word' id='word_1_171' title='bbox 350 2871 504 2944; x_wconf 91' lang='lat' dir='ltr'><strong>invictam,</strong></span> <span class='ocrx_word' id='word_1_172' title='bbox 520 2869 636 2931; x_wconf 91' lang='lat' dir='ltr'><strong>viribus</strong></span> <span class='ocrx_word' id='word_1_173' title='bbox 651 2891 707 2931; x_wconf 88' lang='lat' dir='ltr'><strong>usa</strong></span> <span class='ocrx_word' id='word_1_174' title='bbox 723 2871 795 2931; x_wconf 92' lang='lat' dir='ltr'><strong>suis.</strong></span> 
     </span>
     <span class='ocr_line' id='line_1_28' title="bbox 141 2971 831 3049; baseline -0.001 -19"><span class='ocrx_word' id='word_1_175' title='bbox 141 2971 325 3048; x_wconf 90' lang='lat' dir='ltr'><strong>Oblitusque</strong></span> <span class='ocrx_word' id='word_1_176' title='bbox 341 2971 400 3030; x_wconf 91' lang='lat' dir='ltr'><strong>mei</strong></span> <span class='ocrx_word' id='word_1_177' title='bbox 416 2972 588 3049; x_wconf 89' lang='lat' dir='ltr'><strong>ductaeque</strong></span> <span class='ocrx_word' id='word_1_178' title='bbox 604 2991 658 3048; x_wconf 91' lang='lat' dir='ltr'><strong>per</strong></span> <span class='ocrx_word' id='word_1_179' title='bbox 673 2971 736 3031; x_wconf 85' lang='lat' dir='ltr'><strong>otia</strong></span> <span class='ocrx_word' id='word_1_180' title='bbox 751 2971 831 3031; x_wconf 89' lang='lat' dir='ltr'><strong>vitae</strong></span> 
     </span>
     <span class='ocr_line' id='line_1_29' title="bbox 183 3071 770 3149; baseline 0.005 -20"><span class='ocrx_word' id='word_1_181' title='bbox 183 3072 306 3130; x_wconf 88' lang='lat' dir='ltr'><strong>insolita</strong></span> <span class='ocrx_word' id='word_1_182' title='bbox 321 3071 389 3148; x_wconf 87' lang='lat' dir='ltr'><strong>cepi</strong></span> <span class='ocrx_word' id='word_1_183' title='bbox 405 3073 552 3149; x_wconf 87' lang='lat' dir='ltr'><strong>temporis</strong></span> <span class='ocrx_word' id='word_1_184' title='bbox 569 3092 653 3131; x_wconf 91' lang='lat' dir='ltr'><strong>arma</strong></span> <span class='ocrx_word' id='word_1_185' title='bbox 669 3092 770 3132; x_wconf 90' lang='lat' dir='ltr'><strong>manu.</strong></span> 
     </span>
     <span class='ocr_line' id='line_1_30' title="bbox 142 3172 917 3252; baseline -0.001 -22"><span class='ocrx_word' id='word_1_186' title='bbox 142 3175 262 3249; x_wconf 89' lang='lat' dir='ltr'><strong>Totque</strong></span> <span class='ocrx_word' id='word_1_187' title='bbox 278 3173 333 3232; x_wconf 88' lang='lat' dir='ltr'><strong>tuli</strong></span> <span class='ocrx_word' id='word_1_188' title='bbox 350 3193 440 3234; x_wconf 90' lang='lat' dir='ltr'><strong>casus</strong></span> <span class='ocrx_word' id='word_1_189' title='bbox 455 3174 565 3252; x_wconf 88' lang='lat' dir='ltr'><strong>pelago</strong></span> <span class='ocrx_word' id='word_1_190' title='bbox 580 3184 721 3250; x_wconf 88' lang='lat' dir='ltr'><strong>terraque</strong></span> <span class='ocrx_word' id='word_1_191' title='bbox 739 3183 812 3249; x_wconf 91' lang='lat' dir='ltr'><strong>quot</strong></span> <span class='ocrx_word' id='word_1_192' title='bbox 829 3172 917 3232; x_wconf 85' lang='lat' dir='ltr'><strong>inter·</strong></span> 
     </span>
     <span class='ocr_line' id='line_1_31' title="bbox 183 3273 865 3350; baseline -0.003 -18"><span class='ocrx_word' id='word_1_193' title='bbox 183 3276 334 3333; x_wconf 91' lang='lat' dir='ltr'><strong>occultum</strong></span> <span class='ocrx_word' id='word_1_194' title='bbox 353 3275 458 3334; x_wconf 88' lang='lat' dir='ltr'><strong>stellae</strong></span> <span class='ocrx_word' id='word_1_195' title='bbox 474 3274 737 3350; x_wconf 90' lang='lat' dir='ltr'><strong>conspicuumque</strong></span> <span class='ocrx_word' id='word_1_196' title='bbox 753 3273 865 3349; x_wconf 91' lang='lat' dir='ltr'><strong>polum.</strong></span> 
     </span>
    </p>
   </div>
   <div class='ocr_carea' id='block_1_3' title="bbox 0 0 1273 3682">
    <p class='ocr_par' dir='ltr' id='par_1_3' title="bbox 0 0 1273 3682">
     <span class='ocr_line' id='line_1_32' title="bbox 0 0 1273 3682; baseline 0 0"><span class='ocrx_word' id='word_1_197' title='bbox 0 0 1273 3682; x_wconf 95' lang='lat' dir='ltr'><strong> </strong></span> 
     </span>
    </p>
   </div>
  </div>
 </body>
</html>
