2504 3682
154 220 185 270 12
318 215 319 220 ’
381 225 746 273 METAMORPHOSEON
766 225 785 272 Ι.
822 235 956 282 rra-rac„

153 389 383 467 sanguineaque
399 409 491 450 manu
507 391 691 468 crepitantia
706 391 843 452 concutit
859 411 952 451 arma.

151 489 272 550 Vivitur
287 510 324 549 ex
340 501 445 567 rapto;
469 511 530 551 non
546 493 661 569 hospes
677 492 716 551 ab
732 492 854 569 hospite
870 503 962 564 tutuS,

151 609 214 648 non
229 609 316 650 socer
333 610 349 649 a
364 610 495 669 genero;
511 594 639 651 fratrum
655 612 778 670 quoque
792 593 891 671 gratia
905 612 974 651 rara
988 603 1042 653 est.
1100 608 1146 660 Ι45

152 690 296 749 Imminet
310 691 404 750 exitio
419 691 464 751 vir
479 692 628 770 coniugis,
646 693 698 751 illa
713 693 828 764 mariti3

150 789 248 848 lurida
264 791 415 851 terribiles
430 792 562 852 miscent
577 793 701 852 aconita
718 812 884 868 novercae3

149 890 229 950 filius
245 901 317 952 ante
333 891 413 950 diem
430 892 547 968 patrios
563 893 690 969 inquirit
704 894 735 952 in
751 913 859 955 annos.

148 991 239 1050 Victa
255 992 335 1052 iacet
349 993 457 1070 pietas,
474 1002 504 1052 et
520 993 614 1070 Virgo
630 995 725 1054 caede
741 997 910 1069 madentes,

148 1091 255 1150 ultima
269 1093 445 1166 caelestum,
461 1102 558 1152 terras
576 1096 705 1153 Astraea
720 1095 850 1173 reliquit.

190 1194 276 1252 Neve
291 1193 370 1254 foret
385 1192 474 1253 terris
490 1195 626 1253 securior
640 1197 754 1255 arduus
770 1197 883 1269 aether,

147 1292 322 1354 adfectasse
337 1294 440 1354 ferunt
454 1313 580 1373 regnum
596 1297 729 1356 caeleste
745 1297 896 1374 Gigantas

148 1394 270 1469 altaque
285 1404 449 1472 congestos
464 1394 611 1456 struxisse
627 1397 667 1456 ad
683 1397 785 1457 sidera
799 1408 928 1456 montes.

147 1493 227 1551 Tum
242 1503 330 1570 pater
344 1495 541 1572 omnipotens
553 1497 647 1556 misso
663 1497 809 1574 perfregit
824 1498 988 1575 Olympum

145 1593 273 1654 fulmine
288 1604 319 1654 et
333 1595 469 1656 excussit
485 1596 642 1656 subiectae
660 1596 766 1656 Pelion
781 1597 891 1656 Ossae.

146 1693 265 1753 Obruta
280 1695 359 1755 mole
376 1715 431 1755 sua
447 1715 517 1755 cum
532 1711 661 1774 corpora
672 1697 742 1756 ¹dira
758 1696 901 1771 iacerent,

144 1795 299 1871 perfusam
315 1797 410 1856 multo
425 1807 565 1856 natorum
582 1797 731 1876 sanguine
747 1799 873 1857 Terram

145 1893 342 1956 immaduisse
357 1899 460 1957 ferunt
475 1899 671 1975 calidumque
687 1899 842 1958 animasse
858 1919 1003 1973 cruorem,

144 2005 183 2067 et,
200 2015 239 2054 ne
256 1997 339 2055 nulla
355 2016 429 2056 suae
446 1998 549 2075 stirpis
566 2009 764 2058 monumenta
779 2010 945 2072 manerent,

144 2095 173 2153 in
190 2096 300 2155 faciem
317 2097 445 2156 vertisse
461 2098 628 2158 hominum.
675 2100 736 2158 Sed
753 2109 783 2158 et
800 2099 852 2158 illa
867 2120 1004 2178 propago

143 2197 347 2273 contemptrix
363 2217 506 2274 superum
523 2218 695 2276 saevaeque
712 2200 889 2261 avidissima
905 2202 1009 2262 caedis

143 2305 173 2354 et
188 2295 323 2355 violenta
337 2297 411 2357 fuit:
436 2298 529 2359 scires
545 2319 562 2358 e
578 2300 728 2376 sanguine
744 2310 841 2360 natos

184 2397 273 2470 Quae
288 2407 375 2473 pater
391 2408 423 2457 ut
439 2418 557 2458 summa
572 2400 648 2459 vidit
664 2400 826 2461 Saturnius
842 2420 920 2474 arce,

142 2480 268 2573 ingemit
283 2506 322 2569 et,
338 2498 422 2558 tacto
438 2501 575 2558 nondum
591 2502 715 2579 vulgata
730 2501 845 2562 recenti

140 2596 234 2656 foeda
250 2597 423 2675 Lycaoniae
440 2601 576 2659 referens
592 2601 733 2660 convivia
750 2622 882 2674 mensae,

140 2695 282 2773 ingentes
298 2698 401 2758 animo
416 2709 446 2759 et
461 2699 571 2777 dignas
588 2704 661 2762 love
676 2703 810 2781 concipit
826 2704 894 2774 iras,

140 2797 364 2874 conciliumque
380 2809 478 2858 vocat.
523 2801 637 2860 Tenuit
652 2822 737 2862 mora
753 2803 835 2862 nulla
851 2813 986 2862 vocatos

183 2899 237 2955 Est
252 2898 301 2956 via
316 2899 464 2973 sublimis,
481 2901 567 2960 caelo
583 2902 746 2962 manifesta
763 2922 890 2962 sereno:

139 2996 237 3056 lactea
253 3017 363 3058 nomen
381 3001 481 3072 habet,
499 3003 633 3062 candore
649 3003 794 3062 notabilis
810 3003 886 3081 ipso

140 3097 211 3154 Hac
226 3096 283 3156 iter
298 3108 345 3157 est
361 3099 479 3175 superis
495 3101 534 3159 ad
551 3102 653 3179 magni
669 3112 750 3162 tecta
765 3102 917 3162 Tonantis

138 3197 334 3273 regalemque
350 3198 483 3259 domum.
529 3203 646 3260 Dextra
662 3204 810 3280 laevaque
826 3204 952 3263 deorum

138 3297 214 3355 atria
229 3298 376 3358 nobilium
392 3300 489 3360 valvis
505 3301 699 3361 celebrantur
715 3303 836 3379 apertis.
