2504 3682
530 209 747 258 PHAETHON.
1103 209 1135 260 47

140 377 336 454 occuluitque
350 387 452 453 caput,
469 377 553 454 quod
569 377 670 438 adhuc
685 377 768 438 latet.
814 377 904 437 Ostia
919 386 1038 453 septem
1087 389 1135 442 255

141 477 352 553 pulverulenta
366 487 486 550 vacant,
503 487 622 554 septem
638 477 705 536 sine
720 477 846 537 flumine
861 477 967 537 valles.

142 580 219 637 Fors
232 578 340 637 eadem
357 577 511 650 IsmarioS,
531 578 673 636 Hebrum
688 597 758 638 cum
775 579 946 656 Strymone,
962 577 1059 638 siccat

142 678 374 755 Hesperiosque
390 697 505 752 amnes,
520 679 664 738 Rhenum
678 678 929 755 Rhodanumque
943 666 1132 755 Padumque,

140 779 251 855 cuique
265 779 324 838 tuit
339 798 440 838 rerum
456 779 609 855 promissa
623 778 771 855 potentia,
789 778 938 856 Thybrin.

183 879 303 938 Dissilit
317 898 408 938 omne
425 879 533 953 solum,
550 888 753 955 penetratque
769 879 801 936 in
817 880 947 938 Tartara
962 878 1048 938 rimis
1086 879 1134 928 260

139 981 241 1037 lumen
256 989 288 1038 et
303 979 454 1038 infernum
470 988 564 1038 terret
580 998 650 1038 curn
665 979 797 1056 coniuge
812 998 924 1056 regem.

141 1082 178 1137 Et
192 1097 276 1139 mare
291 1079 489 1152 contrahitur,
507 1079 671 1156 siccaeque
687 1089 736 1138 est
751 1099 880 1155 campus
895 1080 1028 1138 harenae

139 1180 222 1254 quod
238 1179 330 1238 modo
345 1189 460 1255 pontus
475 1189 557 1253 erat;
581 1198 721 1256 quosque
737 1180 831 1239 altum
847 1189 964 1239 texerat
980 1199 1104 1256 aequor,

139 1280 290 1362 exsistunt
305 1290 427 1339 montes
443 1291 474 1339 et
489 1299 614 1356 sparsas
631 1281 785 1357 Cycladas
801 1291 923 1357 augent.

140 1382 206 1438 lma
220 1389 331 1457 petunt
345 1380 456 1456 pisces,
473 1399 531 1440 nec
546 1400 580 1440 se
596 1399 689 1457 super
704 1400 840 1457 aequora
855 1381 940 1439 curvi
1085 1379 1133 1446 265

138 1480 244 1540 tollere
260 1491 425 1540 consuetas
441 1482 557 1540 audent
573 1481 735 1558 delphines
751 1481 783 1540 in
800 1500 897 1541 auras.

138 1583 275 1657 Corpora
290 1582 458 1657 phocarum
475 1600 594 1640 summo
609 1581 755 1658 resupina
771 1582 924 1657 profundo

137 1681 312 1739 exanimata
326 1691 444 1740 natant.
488 1685 595 1757 Ipsum
611 1701 735 1758 quoque
751 1684 853 1741 Nerea
867 1683 951 1740 lama
966 1693 1013 1741 est

139 1781 318 1856 Doridaque
334 1790 365 1839 et
380 1791 470 1840 natas
485 1782 599 1858 tepidis
614 1781 742 1840 latuisse
758 1783 815 1840 sub
832 1781 935 1841 antris.

137 1883 198 1940 Ter
215 1883 381 1957 Neptunus
396 1881 485 1957 aquis
500 1901 569 1941 curn
586 1891 672 1941 torvo
687 1881 832 1940 bracchia
848 1882 934 1941 vultu
1083 1895 1131 1943 ²70

135 2000 276 2040 exserere
293 2001 386 2040 ausus
402 1991 474 2055 erat,
492 1991 538 2041 ter
553 2001 615 2040 non
631 1982 701 2041 tulit
716 1982 796 2041 aeris
812 1983 908 2059 ignes,

136 2082 227 2139 Alma
243 2091 345 2140 tamen
363 2081 478 2154 Tellus,
496 2091 529 2140 ut
543 2092 609 2141 erat
624 2082 815 2141 circumdata
830 2092 934 2159 ponto,

134 2181 215 2240 inter
231 2201 328 2258 aquas
343 2182 445 2258 pelagi
460 2192 697 2259 contractosque
713 2183 850 2258 undique
865 2184 978 2255 ionteS,

136 2283 189 2358 qui
205 2301 238 2342 se
254 2283 456 2340 condiderant
471 2282 501 2340 in
517 2302 635 2359 opacae
650 2283 770 2342 viscera
786 2283 899 2355 matris,

134 2382 258 2441 sustulit
274 2401 440 2458 oppressos
456 2384 536 2441 collo
552 2392 644 2442 tenus
659 2383 745 2442 arida
760 2384 863 2442 vultus
1083 2397 1129 2447 275

136 2481 342 2558 opposuitque
357 2501 481 2540 manum
496 2484 592 2542 tronti
607 2503 780 2560 magnoque
796 2493 928 2542 tremore

135 2581 238 2640 omnia
254 2583 435 2641 concutiens
450 2584 575 2659 paulum
592 2583 732 2642 subsedit
747 2594 777 2644 et
793 2585 873 2642 inira

135 2701 228 2759 quam
244 2684 322 2742 solet
337 2702 414 2756 esse,
429 2685 488 2742 fuit
503 2703 656 2760 raucaque
672 2685 715 2744 ita
730 2703 805 2742 voce
821 2685 924 2743 locuta
939 2693 1003 2743 est:

179 2783 229 2842 ‘Si
244 2782 346 2859 placet
361 2784 429 2856 hoc,
448 2783 613 2859 meruique,
631 2784 705 2860 quid
721 2805 740 2844 o
755 2794 809 2843 tua
823 2784 952 2842 fulmina
967 2794 1099 2856 cessant,

134 2903 252 2942 summe
268 2884 359 2943 deum
370 2887 384 2947 ?v
425 2885 532 2942 Liceat
546 2884 698 2960 periturae
714 2885 829 2943 viribus
845 2885 925 2961 ignis
1081 2883 1128 2932 280

133 2984 204 3060 igne
219 2983 319 3059 perire
334 2993 387 3042 tuo
403 2985 586 3060 clademque
601 2995 725 3043 auctore
741 2985 850 3042 levare.

133 3083 194 3141 Vix
209 3083 352 3159 equidem
367 3085 474 3143 lauces
490 3085 567 3143 haec
583 3084 650 3160 ipsa
666 3084 697 3142 in
713 3084 806 3142 verba
822 3084 952 3142 resolvo'
962 3119 1001 3126 -

133 3194 287 3260 presserat
303 3202 357 3243 ora
371 3204 467 3261 vapor
481 3220 522 3229 —
538 3191 654 3242 ‘tostos
670 3203 709 3242 en
725 3183 830 3258 aspice
846 3183 955 3255 crines,

133 3283 227 3360 inque
242 3284 341 3343 oculis
355 3294 482 3355 tantum,
500 3293 620 3342 tantum
636 3302 728 3358 super
743 3301 796 3339 ora
811 3282 942 3341 favillae.
