2504 3682
146 198 163 248 8
386 197 750 246 METAMORPHOSEON
776 198 796 244 l.
830 207 907 248 23-82.

147 375 178 426 et
192 364 342 442 liquidum
359 365 461 442 spisso
476 366 607 424 secrevit
622 365 661 424 ab
677 369 747 426 aere
763 367 890 426 caelum.

148 467 236 540 Quae
252 474 417 542 postquam
433 464 546 524 evolvit
562 484 717 542 caecoque
732 466 845 526 exemit
860 485 978 540 acervo,

147 565 315 626 dissociata
331 566 407 625 locis
423 565 568 624 concordi
583 584 660 642 pace
675 565 789 644 ligavit.

149 670 246 744 Ignea
260 665 389 726 convexi
405 666 452 726 vis
467 676 498 726 et
514 665 581 725 sine
596 666 733 743 pondere
749 667 826 727 caeli

147 766 271 826 emicuit
286 784 467 843 summaque
483 766 582 826 locum
599 766 658 853 sibi
673 767 746 826 fecit
761 767 792 825 in
809 786 894 842 arce3

148 867 304 944 proximus
320 876 367 927 est
382 871 434 926 aer
449 865 493 924 illi
508 865 632 926 levitate
647 867 794 943 locoque;

148 966 273 1027 densior
288 967 335 1026 his
351 967 442 1026 tellus
457 966 671 1044 elementaque
685 967 814 1045 grandia
829 968 920 1027 traxit

124 1089 125 1092 ¹
149 1078 179 1127 et
193 1086 300 1145 pressa
315 1076 362 1126 est
376 1067 526 1145 gravitate
543 1085 616 1136 sua3
639 1067 834 1127 circumfluus
850 1087 937 1127 umor

149 1167 254 1227 ultima
270 1167 409 1244 possedit
426 1166 620 1244 solidumque
636 1168 771 1228 coercuit
786 1168 900 1228 orbem.

192 1267 242 1328 Sic
258 1266 310 1327 ubi
326 1267 517 1344 dispositam,
534 1266 675 1343 quisquis
690 1267 750 1326 luit
763 1267 813 1328 ille
828 1269 964 1343 deorum,

149 1367 323 1446 congeriem
339 1366 437 1427 secuit
452 1376 629 1444 sectamque
644 1367 675 1426 in
692 1369 828 1428 membra
843 1370 969 1446 redegit,

148 1468 301 1546 principio
316 1477 436 1540 terram,
452 1487 492 1527 ne
508 1486 570 1526 non
587 1468 724 1544 aequalis
740 1469 779 1527 ab
795 1469 878 1527 omni

149 1579 236 1646 parte
251 1569 339 1641 foret,
355 1568 458 1646 magni
475 1567 610 1646 speciem
625 1569 805 1646 glomeravit
820 1568 851 1628 in
866 1571 959 1630 orbis.
984 1633 987 1640 .

150 1671 230 1729 Tum
244 1670 324 1729 freta
339 1668 462 1728 diffudit
477 1668 656 1746 rapidisque
670 1679 841 1740 tumescere
857 1671 957 1731 ventis

150 1769 239 1830 iussit
256 1779 287 1830 et
302 1768 436 1830 ambitae
451 1769 640 1831 circumdare
655 1769 743 1831 litora
758 1780 865 1830 terrae.
896 1767 897 1772 ’

151 1870 281 1931 Addidit
296 1879 327 1929 et
341 1871 444 1931 fontes
459 1879 489 1931 et
505 1853 615 1948 stagna
630 1871 780 1931 immensa
794 1871 951 1948 lacusque,

150 1971 336 2047 fluminaque
352 1969 487 2048 obliquis
499 1970 593 2030 cinxit
608 1971 738 2032 declivia
753 1971 836 2048 ripis

153 2090 240 2148 quae,
257 2070 379 2131 diversa
394 2071 478 2144 locis,
496 2071 607 2147 partim
623 2071 785 2130 sorbentur
800 2073 839 2131 ab
855 2072 931 2148 ipsa,

150 2171 182 2231 in
198 2191 281 2231 mare
295 2170 480 2248 perveniunt
495 2171 616 2248 partim,
634 2189 805 2250 campoque
821 2187 944 2250 recepta

150 2271 301 2333 liberioris
317 2290 416 2349 aquae
433 2290 489 2348 pro
504 2271 578 2348 ripis
595 2272 684 2332 litora
699 2273 832 2348 pulsant.

152 2373 247 2432 Iussit
261 2382 292 2432 et
307 2372 431 2432 extendi
448 2364 582 2450 campos,
599 2372 759 2432 subsidere
774 2372 878 2447 valles,

151 2473 260 2532 fronde
275 2472 337 2550 tegi
353 2472 454 2544 silvaS,
473 2472 632 2548 lapidosos
648 2489 771 2549 surgere
787 2483 915 2532 montes.

152 2574 258 2648 thue
273 2572 352 2632 duae
368 2573 475 2632 dextra
490 2572 610 2632 caelum
625 2572 815 2648 totidemque
831 2573 955 2632 sinistra

151 2682 237 2749 parte
253 2681 360 2732 secant
376 2691 481 2744 zonae,
499 2671 607 2749 quinta
623 2682 671 2731 est
686 2671 842 2732 ardentior
858 2673 933 2746 illis;

110 2760 113 2763 ’
152 2773 197 2832 sic
213 2792 291 2832 onus
307 2773 459 2832 inclusum
475 2791 602 2832 numero
616 2773 757 2840 distinxit
770 2772 879 2833 eodem

151 2893 224 2933 cura
239 2872 298 2946 dei,
315 2872 506 2949 totidemque
522 2872 632 2951 plagae
647 2874 755 2933 tellure
771 2884 959 2950 premuntur.

152 2975 289 3048 Quarum
301 2969 384 3050 ¹quae
400 2974 502 3034 media
517 2983 573 3045 est,
592 2992 654 3032 non
671 2984 717 3033 est
734 2973 914 3034 habitabilis
930 2984 1035 3048 aestu;

153 3074 204 3132 nix
220 3074 296 3151 tegit
311 3075 373 3134 alta
388 3075 482 3146 duas3
507 3074 634 3133 totidem
650 3074 729 3133 inter
745 3084 904 3152 utramque
921 3076 1041 3148 locavit,
1118 3089 1147 3140 50

152 3174 392 3251 temperiemque
407 3174 494 3234 dedit
508 3175 604 3233 mixta
619 3193 689 3234 cum
704 3175 817 3252 frigore
832 3175 964 3235 flamma.

196 3273 340 3333 Imminet
357 3274 404 3333 his
420 3279 490 3347 aer5
513 3276 574 3350 qui,
591 3285 707 3351 quanto
723 3285 770 3334 est
784 3276 921 3353 pondere
938 3286 1036 3336 terrae

1040 2639 1057 2683 i.
