2504 3682
312 660 350 731 P.
388 660 571 732 OVlDll
613 659 859 733 NASONIS

373 860 799 920 METAMORPHOSEON

443 1043 554 1092 LIBER
578 1043 728 1095 PRIMUS.

87 1179 127 1234 Iu
145 1195 226 1236 nova
240 1177 301 1236 lert
316 1177 436 1237 animus
452 1187 587 1238 mutatas
601 1178 704 1238 dicere
719 1179 834 1238 formas

86 1295 226 1352 corpora.
271 1276 321 1349 Di,
338 1277 590 1354 coeptis—nam
605 1297 661 1338 vos
676 1277 818 1338 mutastis
828 1287 909 1338 -et
924 1277 994 1338 illac

86 1376 222 1454 aspirate
237 1378 322 1451 meis,
338 1377 498 1456 primaque
514 1379 553 1438 ab
569 1378 686 1456 origine
702 1379 808 1438 mundi

86 1477 128 1536 ad
143 1496 213 1536 mea
227 1487 409 1554 perpetuum
424 1477 570 1539 deducite
584 1488 725 1556 tempora
739 1497 871 1539 carmen.

130 1579 212 1637 Ante
227 1596 310 1638 mare
325 1587 357 1638 et
371 1587 469 1638 terras
484 1588 522 1652 et,
540 1579 624 1656 quod
639 1578 715 1657 tegit
730 1580 842 1653 omnia,
860 1579 978 1639 caelum
1071 1589 1084 1644 s

87 1697 169 1737 unus
183 1687 250 1738 erat
263 1688 330 1738 toto
346 1688 473 1740 naturae
488 1678 591 1739 vultus
607 1678 638 1737 in
654 1681 737 1752 orbe,

87 1797 180 1856 quem
196 1778 300 1838 dixere
315 1779 427 1838 chaos:
451 1779 537 1839 rudis
552 1778 767 1857 indigestaque
784 1779 889 1852 moles,

87 1898 145 1939 nec
161 1878 326 1955 quicquam
341 1877 401 1939 nisi
416 1880 539 1956 pondus
551 1879 634 1940 iners
649 1889 859 1957 congestaque
874 1881 986 1940 eodem

87 1998 150 2038 non
165 1979 247 2040 bene
262 1978 435 2040 iunctarum
449 1978 606 2040 discordia
621 1980 740 2040 semina
755 1999 865 2040 rerum.

88 2080 201 2138 Nullus
217 2079 319 2139 adhuc
335 2079 450 2140 mundo
465 2079 635 2156 praebebat
649 2080 766 2140 lumina
781 2081 884 2155 Titan,
1057 2093 1086 2130 10

87 2199 145 2239 nec
161 2199 243 2239 nova
257 2180 425 2240 crescendo
441 2182 604 2257 reparabat
619 2200 734 2240 cornua
751 2181 886 2254 Phoebe,

88 2299 144 2340 nec
160 2279 349 2339 circumfuso
363 2281 521 2358 pendebat
535 2280 567 2339 in
583 2285 654 2341 aere
670 2282 762 2341 tellus

87 2365 279 2462 ponderib‘us
294 2379 405 2440 librata
421 2381 493 2454 suia,
511 2400 568 2441 nec
583 2381 729 2442 bracchia
744 2383 837 2460 longo

88 2480 226 2558 margine
241 2490 388 2539 terrarum
405 2490 582 2557 porrexerat
598 2481 793 2559 Amphitrite.

89 2581 194 2658 thue
210 2589 276 2640 erat
291 2590 323 2640 et
336 2581 429 2641 tellus
444 2580 506 2641 illic
521 2591 553 2641 et
567 2591 682 2658 pontus
698 2592 729 2643 et
744 2587 805 2655 air,

88 2681 132 2740 sic
146 2690 213 2740 erat
228 2680 382 2741 instabilis
397 2681 498 2754 tellus,
516 2682 663 2742 innabilis
678 2682 770 2756 unda,

87 2781 164 2841 lucis
180 2800 276 2859 egens
292 2785 353 2841 air.
400 2781 485 2841 Nulli
501 2797 557 2842 sua
571 2783 669 2843 forma
684 2783 838 2856 manebat,

87 2881 294 2958 obstabatque
310 2880 378 2940 aliis
393 2883 486 2955 aliud,
503 2882 576 2960 quia
591 2902 719 2960 corpore
734 2884 766 2942 in
783 2904 844 2945 uno

86 2981 198 3060 frigida
213 2982 396 3059 pugnabant
410 2982 528 3056 calidis,
546 2984 683 3043 umentia
698 2984 798 3058 siccis,

86 3081 191 3142 mollia
205 3082 386 3154 cumduris,
403 3083 471 3142 sine
487 3084 624 3161 pondere
640 3084 788 3144 habentia
803 3085 935 3161 pondus.
1056 3097 1087 3132 ²0

128 3184 223 3242 Hanc
238 3183 317 3242 deus
331 3191 363 3243 et
377 3185 485 3244 melior
500 3184 584 3244 litem
601 3195 710 3245 natura
725 3185 867 3258 diremit;

86 3301 156 3341 nam
172 3284 261 3343 caelo
276 3293 373 3343 terras
389 3293 420 3344 et
434 3285 523 3345 terris
539 3285 672 3345 abscidit
687 3286 787 3345 undas

581 3398 594 3445 7
