2504 3682
561 221 723 268 PYTHON.
1102 221 1134 272 23

138 393 268 471 plurima
284 392 418 452 cultores
433 389 530 449 versis
546 389 691 448 animalia
706 389 825 467 glaebis
1085 401 1134 456 4²5

138 493 307 566 inveniunt,
323 501 354 551 et
370 491 401 549 in
416 490 465 550 his
482 491 634 568 quaedam
651 491 744 550 modo
759 499 870 566 coepta
885 491 942 549 sub
957 489 1058 566 ipsum

138 593 288 654 nascendi
305 592 446 669 spatium,
464 592 616 668 quaedam
632 591 811 668 imperfecta
827 589 952 666 suisque

137 705 247 755 trunca
261 693 367 752 vident
382 692 526 764 numeris
543 701 574 752 et
589 693 696 752 eodem
714 692 745 750 in
761 711 887 768 corpore
903 709 996 767 saepe

139 796 234 856 altera
250 813 321 871 pars
336 791 419 866 vivit,
436 791 521 851 rudis
538 801 585 852 est
600 812 671 869 pars
687 792 783 850 altera
798 791 897 851 tellus

139 896 263 973 Quippe
280 895 333 953 ubi
347 893 526 969 temperiem
544 912 703 969 sumpsere
719 910 869 968 umorque
880 893 1033 970 calorque,
1087 907 1135 958 430
1183 966 1186 971 .

138 995 325 1072 concipiunt,
343 1004 374 1054 et
388 994 428 1052 ab
443 993 492 1052 his
508 993 646 1053 oriuntur
660 1003 773 1052 cuncta
787 993 926 1066 duobus;

139 1115 270 1173 cumque
286 1096 326 1154 sit
341 1095 421 1172 ignis
438 1113 537 1170 aquae
552 1113 686 1171 pugnax,
703 1112 799 1170 vapor
814 1093 937 1153 umidus
952 1113 1060 1155 omnes

139 1217 189 1257 res
205 1206 296 1269 creat,
313 1205 343 1255 et
358 1195 478 1254 discors
495 1195 660 1254 concordia
675 1193 791 1253 fetibus
806 1204 878 1272 apta
892 1205 948 1254 est.

141 1279 222 1376 Ergo
239 1297 289 1357 ubi
305 1297 421 1356 diluvio
437 1295 528 1354 tellus
542 1295 694 1354 lutulenta
708 1297 824 1356 recenti

140 1401 258 1460 solibus
273 1399 416 1459 aetheriis
433 1399 574 1475 almoque
591 1399 751 1459 recanduit
767 1410 864 1473 aestu,
1088 1414 1137 1466 435

140 1500 238 1560 edidit
253 1500 429 1560 innumeras
446 1499 575 1575 species,
594 1501 766 1577 partimque
781 1502 894 1579 figuras

141 1601 257 1660 rettulit
273 1602 424 1677 antiquas,
441 1600 552 1677 partim
570 1620 650 1661 nova
665 1611 801 1661 monstra
817 1603 939 1662 creavit.

186 1702 242 1760 Illa
258 1701 382 1778 quidem
397 1702 503 1775 nollet,
523 1702 579 1760 sed
596 1712 626 1761 te
642 1722 774 1780 quoque,
791 1704 923 1762 maxime
940 1706 1069 1782 Python,

141 1812 205 1861 tum
221 1803 335 1880 genuit,
352 1802 539 1880 populisque
554 1803 651 1875 noviS,
668 1804 824 1881 incognite
840 1823 975 1881 serpens,

141 1912 239 1962 terror
254 1921 339 1975 eras;
364 1912 483 1962 tantum
501 1903 592 1980 spatii
609 1904 648 1962 de
664 1913 768 1964 monte
783 1905 919 1963 tenebas.
1089 1919 1138 1965 44Ο

86 2039 94 2050 -
143 2003 238 2061 Hunc
254 2004 330 2062 deus
346 2003 529 2077 arcitenens,
548 2013 578 2063 et
593 2024 759 2081 numquam
775 2004 888 2064 talibus
904 2005 996 2064 armis

141 2113 213 2163 ante
230 2103 289 2164 nisi
304 2103 335 2162 in
352 2104 482 2163 dammis
498 2105 681 2182 capreisque
696 2105 857 2182 fugacibus
873 2126 956 2179 usuS,

141 2203 225 2262 mille
239 2223 364 2280 gravem
380 2205 457 2277 telis,
474 2205 625 2264 exhausta
636 2224 735 2282 paene
750 2207 901 2283 pharetra,

140 2304 276 2383 perdidit
291 2305 391 2365 effuso
406 2325 461 2382 per
476 2306 603 2365 vulnera
619 2307 705 2383 nigra
721 2326 850 2366 veneno.

142 2408 230 2464 Neve
246 2405 348 2482 operis
362 2406 476 2464 famam
492 2416 599 2483 posset
615 2408 716 2466 delere
732 2418 879 2481 vetustas,
1090 2422 1139 2474 445

141 2505 274 2564 instituit
290 2525 395 2565 sacros
411 2507 525 2566 celebri
541 2507 708 2566 certamine
724 2507 813 2567 ludos

143 2605 255 2684 Pythia
269 2606 458 2682 perdomitae
474 2607 627 2684 serpentis
643 2608 767 2667 nomine
783 2609 892 2669 dictos.

143 2707 206 2764 His
221 2706 366 2766 iuvenum
383 2708 567 2784 quicumque
584 2727 677 2766 manu
692 2709 863 2785 pedibusve
879 2720 983 2771 rotave

141 2809 268 2881 vicerat,
286 2809 447 2868 aesculeae
464 2809 607 2886 capiebat
622 2811 741 2871 frondis
757 2811 915 2872 honorem.

142 2909 289 2969 Nondum
306 2910 409 2968 laurus
424 2918 498 2982 erat,
517 2911 672 2987 longoque
688 2912 830 2971 decentia
846 2912 929 2972 crine
1091 2925 1139 2977 450

140 3020 283 3088 tempora
299 3009 444 3086 cingebat
460 3011 499 3069 de
515 3011 654 3086 qualibet
670 3013 776 3072 arbore
794 3014 947 3073 Phoebus

186 3110 306 3169 Primus
322 3129 407 3170 amor
424 3110 543 3170 Phoebi
560 3111 693 3187 Daphne
710 3115 832 3185 Peneia,
851 3133 942 3189 quem
957 3134 1020 3174 non

140 3211 207 3270 fors
223 3209 330 3287 ignara
345 3211 439 3283 dedit,
456 3212 512 3270 sed
527 3230 620 3269 saeva
636 3211 800 3289 Cupidinis
815 3213 868 3272 ira.

141 3311 254 3375 Delius
268 3311 352 3369 hunc
367 3331 473 3391 nuper,
490 3311 571 3371 victo
587 3322 732 3392 serpente
748 3314 909 3392 superbus,
