<?xml version="1.0" encoding="UTF-8"?>
<!DOCTYPE html PUBLIC "-//W3C//DTD XHTML 1.0 Transitional//EN"
    "http://www.w3.org/TR/xhtml1/DTD/xhtml1-transitional.dtd">
<html xmlns="http://www.w3.org/1999/xhtml" xml:lang="en" lang="en">
 <head>
  <title>
</title>
<meta http-equiv="Content-Type" content="text/html;charset=utf-8" />
  <meta name='ocr-system' content='tesseract 3.04.00' />
  <meta name='ocr-capabilities' content='ocr_page ocr_carea ocr_par ocr_line ocrx_word'/>
</head>
<body>
  <div class='ocr_page' id='page_1' title='image "./firstandsecondb01ovidgoog/firstandsecondb01ovidgoog_0034.png"; bbox 0 0 2504 3682; ppageno 0'>
   <div class='ocr_carea' id='block_1_1' title="bbox 119 142 881 217">
    <p class='ocr_par' dir='ltr' id='par_1_1' title="bbox 119 142 881 217">
     <span class='ocr_line' id='line_1_1' title="bbox 119 142 881 217; baseline -0.001 -1"><span class='ocrx_word' id='word_1_1' title='bbox 119 142 151 216; x_wconf 77' lang='lat' dir='ltr'>lo</span> <span class='ocrx_word' id='word_1_2' title='bbox 351 167 716 216; x_wconf 81' lang='lat' dir='ltr'>METAMORPHOSEON</span> <span class='ocrx_word' id='word_1_3' title='bbox 736 169 756 216; x_wconf 92' lang='lat'>1.</span> <span class='ocrx_word' id='word_1_4' title='bbox 791 177 881 217; x_wconf 65' lang='lat' dir='ltr'>sam.</span> 
     </span>
    </p>
   </div>
   <div class='ocr_carea' id='block_1_2' title="bbox 63 332 905 410">
    <p class='ocr_par' dir='ltr' id='par_1_2' title="bbox 63 332 905 410">
     <span class='ocr_line' id='line_1_2' title="bbox 63 332 905 410; baseline 0.004 -19"><span class='ocrx_word' id='word_1_5' title='bbox 63 343 66 352; x_wconf 70' lang='lat'><strong><em>¹</em></strong></span> <span class='ocrx_word' id='word_1_6' title='bbox 117 332 206 391; x_wconf 88' lang='lat' dir='ltr'><strong>finxit</strong></span> <span class='ocrx_word' id='word_1_7' title='bbox 220 332 252 391; x_wconf 92' lang='lat' dir='ltr'>in</span> <span class='ocrx_word' id='word_1_8' title='bbox 267 333 397 410; x_wconf 89' lang='lat' dir='ltr'>effigiem</span> <span class='ocrx_word' id='word_1_9' title='bbox 413 334 625 393; x_wconf 88' lang='lat' dir='ltr'>moderantum</span> <span class='ocrx_word' id='word_1_10' title='bbox 641 343 753 394; x_wconf 88' lang='lat' dir='ltr'>cuncta</span> <span class='ocrx_word' id='word_1_11' title='bbox 769 336 905 394; x_wconf 90' lang='lat' dir='ltr'>deorum.</span> 
     </span>
    </p>
   </div>
   <div class='ocr_carea' id='block_1_3' title="bbox 14 434 937 511">
    <p class='ocr_par' dir='ltr' id='par_1_3' title="bbox 14 434 937 511">
     <span class='ocr_line' id='line_1_3' title="bbox 14 434 937 511; baseline 0.002 -19"><span class='ocrx_word' id='word_1_12' title='bbox 14 503 15 508; x_wconf 8' lang='grc' dir='ltr'>η</span> <span class='ocrx_word' id='word_1_13' title='bbox 119 435 281 510; x_wconf 87' lang='lat' dir='ltr'>Pronaque</span> <span class='ocrx_word' id='word_1_14' title='bbox 297 453 367 493; x_wconf 92' lang='lat' dir='ltr'>cum</span> <span class='ocrx_word' id='word_1_15' title='bbox 383 443 525 511; x_wconf 87' lang='lat' dir='ltr'>spectent</span> <span class='ocrx_word' id='word_1_16' title='bbox 541 434 686 494; x_wconf 90' lang='lat' dir='ltr'>animalia</span> <span class='ocrx_word' id='word_1_17' title='bbox 701 444 803 495; x_wconf 90' lang='lat' dir='ltr'>cetera</span> <span class='ocrx_word' id='word_1_18' title='bbox 817 443 937 508; x_wconf 88' lang='lat' dir='ltr'>terram,</span> 
     </span>
    </p>
   </div>
   <div class='ocr_carea' id='block_1_4' title="bbox 110 533 1114 2719">
    <p class='ocr_par' dir='ltr' id='par_1_4' title="bbox 110 533 1114 2719">
     <span class='ocr_line' id='line_1_4' title="bbox 117 533 1114 612; baseline 0.008 -20"><span class='ocrx_word' id='word_1_19' title='bbox 117 553 153 594; x_wconf 92' lang='lat' dir='ltr'>os</span> <span class='ocrx_word' id='word_1_20' title='bbox 168 533 286 594; x_wconf 91' lang='lat' dir='ltr'>homini</span> <span class='ocrx_word' id='word_1_21' title='bbox 303 535 434 594; x_wconf 89' lang='lat' dir='ltr'>sublime</span> <span class='ocrx_word' id='word_1_22' title='bbox 450 535 545 608; x_wconf 90' lang='lat' dir='ltr'>dedit,</span> <span class='ocrx_word' id='word_1_23' title='bbox 562 535 742 612; x_wconf 83' lang='lat' dir='ltr'>caelumque</span> <span class='ocrx_word' id='word_1_24' title='bbox 757 535 862 596; x_wconf 90' lang='lat' dir='ltr'>videre</span> <span class='ocrx_word' id='word_1_25' title='bbox 1082 535 1114 600; x_wconf 83' lang='lat'>85</span> 
     </span>
     <span class='ocr_line' id='line_1_5' title="bbox 118 634 812 697; baseline 0.006 -4"><span class='ocrx_word' id='word_1_26' title='bbox 118 634 208 694; x_wconf 90' lang='lat' dir='ltr'>iussit</span> <span class='ocrx_word' id='word_1_27' title='bbox 222 643 253 694; x_wconf 91' lang='lat' dir='ltr'>et</span> <span class='ocrx_word' id='word_1_28' title='bbox 269 644 389 695; x_wconf 91' lang='lat' dir='ltr'>erectos</span> <span class='ocrx_word' id='word_1_29' title='bbox 405 636 444 695; x_wconf 93' lang='lat' dir='ltr'>ad</span> <span class='ocrx_word' id='word_1_30' title='bbox 461 635 564 695; x_wconf 92' lang='lat' dir='ltr'>sidera</span> <span class='ocrx_word' id='word_1_31' title='bbox 578 635 685 697; x_wconf 87' lang='lat' dir='ltr'>tollere</span> <span class='ocrx_word' id='word_1_32' title='bbox 701 637 812 697; x_wconf 92' lang='lat' dir='ltr'>vultus.</span> 
     </span>
     <span class='ocr_line' id='line_1_6' title="bbox 119 735 995 814; baseline -0.001 -19"><span class='ocrx_word' id='word_1_33' title='bbox 119 735 178 808; x_wconf 88' lang='lat' dir='ltr'>Sic,</span> <span class='ocrx_word' id='word_1_34' title='bbox 195 736 288 795; x_wconf 95' lang='lat' dir='ltr'>modo</span> <span class='ocrx_word' id='word_1_35' title='bbox 305 755 383 812; x_wconf 87' lang='lat' dir='ltr'>quae</span> <span class='ocrx_word' id='word_1_36' title='bbox 398 737 500 796; x_wconf 85' lang='lat' dir='ltr'>fuerat</span> <span class='ocrx_word' id='word_1_37' title='bbox 515 735 599 795; x_wconf 89' lang='lat' dir='ltr'>rudis</span> <span class='ocrx_word' id='word_1_38' title='bbox 616 745 647 795; x_wconf 92' lang='lat' dir='ltr'>et</span> <span class='ocrx_word' id='word_1_39' title='bbox 663 737 729 795; x_wconf 89' lang='lat' dir='ltr'>sine</span> <span class='ocrx_word' id='word_1_40' title='bbox 745 736 887 814; x_wconf 86' lang='lat' dir='ltr'>imagine,</span> <span class='ocrx_word' id='word_1_41' title='bbox 904 735 995 796; x_wconf 91' lang='lat' dir='ltr'>tellus</span> 
     </span>
     <span class='ocr_line' id='line_1_7' title="bbox 118 835 830 914; baseline 0.004 -21"><span class='ocrx_word' id='word_1_42' title='bbox 118 835 218 896; x_wconf 90' lang='lat' dir='ltr'>induit</span> <span class='ocrx_word' id='word_1_43' title='bbox 232 835 353 914; x_wconf 87' lang='lat' dir='ltr'>ignotas</span> <span class='ocrx_word' id='word_1_44' title='bbox 369 836 528 896; x_wconf 88' lang='lat' dir='ltr'>hominum</span> <span class='ocrx_word' id='word_1_45' title='bbox 544 854 694 896; x_wconf 90' lang='lat' dir='ltr'>conversa</span> <span class='ocrx_word' id='word_1_46' title='bbox 708 836 830 914; x_wconf 80' lang='lat' dir='ltr'>figuras¹</span> 
     </span>
     <span class='ocr_line' id='line_1_8' title="bbox 159 936 972 1013; baseline -0.002 -17"><span class='ocrx_word' id='word_1_47' title='bbox 159 939 262 996; x_wconf 88' lang='lat' dir='ltr'>Aurea</span> <span class='ocrx_word' id='word_1_48' title='bbox 275 936 373 1013; x_wconf 89' lang='lat' dir='ltr'>prima</span> <span class='ocrx_word' id='word_1_49' title='bbox 389 946 456 996; x_wconf 91' lang='lat' dir='ltr'>sata</span> <span class='ocrx_word' id='word_1_50' title='bbox 472 946 520 996; x_wconf 91' lang='lat' dir='ltr'>est</span> <span class='ocrx_word' id='word_1_51' title='bbox 536 945 630 1010; x_wconf 91' lang='lat' dir='ltr'>aetas,</span> <span class='ocrx_word' id='word_1_52' title='bbox 647 955 726 1013; x_wconf 89' lang='lat' dir='ltr'>quae</span> <span class='ocrx_word' id='word_1_53' title='bbox 741 936 864 996; x_wconf 88' lang='lat' dir='ltr'>vindice</span> <span class='ocrx_word' id='word_1_54' title='bbox 880 937 972 1010; x_wconf 90' lang='lat' dir='ltr'>nullo,</span> 
     </span>
     <span class='ocr_line' id='line_1_9' title="bbox 118 1036 1113 1115; baseline 0.005 -20"><span class='ocrx_word' id='word_1_55' title='bbox 118 1045 229 1113; x_wconf 91' lang='lat' dir='ltr'>sponte</span> <span class='ocrx_word' id='word_1_56' title='bbox 245 1055 309 1109; x_wconf 91' lang='lat' dir='ltr'>sua,</span> <span class='ocrx_word' id='word_1_57' title='bbox 326 1036 393 1096; x_wconf 86' lang='lat' dir='ltr'>sine</span> <span class='ocrx_word' id='word_1_58' title='bbox 409 1037 476 1115; x_wconf 89' lang='lat' dir='ltr'>lege</span> <span class='ocrx_word' id='word_1_59' title='bbox 491 1037 584 1097; x_wconf 91' lang='lat' dir='ltr'>fidem</span> <span class='ocrx_word' id='word_1_60' title='bbox 599 1046 778 1114; x_wconf 89' lang='lat' dir='ltr'>rectumque</span> <span class='ocrx_word' id='word_1_61' title='bbox 793 1037 923 1097; x_wconf 90' lang='lat' dir='ltr'>colebat.</span> <span class='ocrx_word' id='word_1_62' title='bbox 1080 1051 1113 1100; x_wconf 87' lang='lat'>90</span> 
     </span>
     <span class='ocr_line' id='line_1_10' title="bbox 119 1124 960 1213; baseline 0 -18"><span class='ocrx_word' id='word_1_63' title='bbox 119 1138 224 1196; x_wconf 87' lang='lat' dir='ltr'>Poena</span> <span class='ocrx_word' id='word_1_64' title='bbox 239 1146 400 1213; x_wconf 88' lang='lat' dir='ltr'>metusque</span> <span class='ocrx_word' id='word_1_65' title='bbox 416 1124 552 1210; x_wconf 84' lang='lat' dir='ltr'>aberant,</span> <span class='ocrx_word' id='word_1_66' title='bbox 570 1156 628 1196; x_wconf 89' lang='lat' dir='ltr'>nec</span> <span class='ocrx_word' id='word_1_67' title='bbox 643 1137 738 1198; x_wconf 90' lang='lat' dir='ltr'>verba</span> <span class='ocrx_word' id='word_1_68' title='bbox 751 1137 884 1196; x_wconf 87' lang='lat' dir='ltr'>minacia</span> <span class='ocrx_word' id='word_1_69' title='bbox 898 1137 960 1196; x_wconf 88' lang='lat' dir='ltr'>fixo</span> 
     </span>
     <span class='ocr_line' id='line_1_11' title="bbox 118 1237 865 1316; baseline 0.003 -20"><span class='ocrx_word' id='word_1_70' title='bbox 118 1255 188 1296; x_wconf 89' lang='lat' dir='ltr'>aere</span> <span class='ocrx_word' id='word_1_71' title='bbox 203 1237 392 1315; x_wconf 86' lang='lat' dir='ltr'>legebantur,</span> <span class='ocrx_word' id='word_1_72' title='bbox 410 1255 468 1297; x_wconf 92' lang='lat' dir='ltr'>nec</span> <span class='ocrx_word' id='word_1_73' title='bbox 485 1238 615 1316; x_wconf 84' lang='lat' dir='ltr'>supplex</span> <span class='ocrx_word' id='word_1_74' title='bbox 631 1237 722 1298; x_wconf 87' lang='lat' dir='ltr'>turba</span> <span class='ocrx_word' id='word_1_75' title='bbox 736 1237 865 1298; x_wconf 90' lang='lat' dir='ltr'>timebat</span> 
     </span>
     <span class='ocr_line' id='line_1_12' title="bbox 118 1337 847 1412; baseline 0.004 -17"><span class='ocrx_word' id='word_1_76' title='bbox 118 1337 228 1397; x_wconf 90' lang='lat' dir='ltr'>iudicis</span> <span class='ocrx_word' id='word_1_77' title='bbox 243 1356 296 1396; x_wconf 90' lang='lat' dir='ltr'>ora</span> <span class='ocrx_word' id='word_1_78' title='bbox 311 1338 368 1412; x_wconf 91' lang='lat' dir='ltr'>sui,</span> <span class='ocrx_word' id='word_1_79' title='bbox 385 1338 440 1397; x_wconf 89' lang='lat' dir='ltr'>sed</span> <span class='ocrx_word' id='word_1_80' title='bbox 456 1348 543 1399; x_wconf 93' lang='lat' dir='ltr'>erant</span> <span class='ocrx_word' id='word_1_81' title='bbox 558 1338 626 1398; x_wconf 90' lang='lat' dir='ltr'>sine</span> <span class='ocrx_word' id='word_1_82' title='bbox 641 1338 764 1399; x_wconf 89' lang='lat' dir='ltr'>vindice</span> <span class='ocrx_word' id='word_1_83' title='bbox 776 1338 847 1398; x_wconf 91' lang='lat' dir='ltr'>tuti.</span> 
     </span>
     <span class='ocr_line' id='line_1_13' title="bbox 119 1438 975 1517; baseline 0.001 -20"><span class='ocrx_word' id='word_1_84' title='bbox 119 1439 266 1498; x_wconf 89' lang='lat' dir='ltr'>Nondum</span> <span class='ocrx_word' id='word_1_85' title='bbox 281 1458 372 1499; x_wconf 90' lang='lat' dir='ltr'>caesa</span> <span class='ocrx_word' id='word_1_86' title='bbox 387 1439 459 1512; x_wconf 90' lang='lat' dir='ltr'>suis,</span> <span class='ocrx_word' id='word_1_87' title='bbox 476 1439 670 1517; x_wconf 89' lang='lat' dir='ltr'>peregrinum</span> <span class='ocrx_word' id='word_1_88' title='bbox 686 1447 720 1498; x_wconf 92' lang='lat' dir='ltr'>ut</span> <span class='ocrx_word' id='word_1_89' title='bbox 734 1438 847 1498; x_wconf 90' lang='lat' dir='ltr'>viseret</span> <span class='ocrx_word' id='word_1_90' title='bbox 861 1439 975 1511; x_wconf 92' lang='lat' dir='ltr'>orbem,</span> 
     </span>
     <span class='ocr_line' id='line_1_14' title="bbox 119 1538 1112 1616; baseline 0 -19"><span class='ocrx_word' id='word_1_91' title='bbox 119 1538 276 1598; x_wconf 91' lang='lat' dir='ltr'>montibus</span> <span class='ocrx_word' id='word_1_92' title='bbox 290 1539 322 1597; x_wconf 94' lang='lat' dir='ltr'>in</span> <span class='ocrx_word' id='word_1_93' title='bbox 337 1538 471 1616; x_wconf 89' lang='lat' dir='ltr'>liquidas</span> <span class='ocrx_word' id='word_1_94' title='bbox 487 1540 578 1616; x_wconf 91' lang='lat' dir='ltr'>pinus</span> <span class='ocrx_word' id='word_1_95' title='bbox 594 1538 798 1598; x_wconf 87' lang='lat' dir='ltr'>descenderat</span> <span class='ocrx_word' id='word_1_96' title='bbox 813 1538 922 1611; x_wconf 77' lang='lat' dir='ltr'>undaS,</span> <span class='ocrx_word' id='word_1_97' title='bbox 1082 1551 1112 1604; x_wconf 84' lang='lat'>95</span> 
     </span>
     <span class='ocr_line' id='line_1_15' title="bbox 119 1638 869 1716; baseline 0.001 -19"><span class='ocrx_word' id='word_1_98' title='bbox 119 1640 264 1716; x_wconf 90' lang='lat' dir='ltr'>nullaque</span> <span class='ocrx_word' id='word_1_99' title='bbox 279 1639 423 1698; x_wconf 83' lang='lat' dir='ltr'>mortales</span> <span class='ocrx_word' id='word_1_100' title='bbox 438 1648 559 1716; x_wconf 91' lang='lat' dir='ltr'>praeter</span> <span class='ocrx_word' id='word_1_101' title='bbox 574 1657 631 1698; x_wconf 91' lang='lat' dir='ltr'>sua</span> <span class='ocrx_word' id='word_1_102' title='bbox 645 1638 735 1698; x_wconf 89' lang='lat' dir='ltr'>litora</span> <span class='ocrx_word' id='word_1_103' title='bbox 750 1647 869 1698; x_wconf 89' lang='lat' dir='ltr'>norant.</span> 
     </span>
     <span class='ocr_line' id='line_1_16' title="bbox 120 1739 916 1818; baseline 0.001 -20"><span class='ocrx_word' id='word_1_104' title='bbox 120 1739 267 1800; x_wconf 89' lang='lat' dir='ltr'>Nondum</span> <span class='ocrx_word' id='word_1_105' title='bbox 282 1739 466 1818; x_wconf 88' lang='lat' dir='ltr'>praecipites</span> <span class='ocrx_word' id='word_1_106' title='bbox 482 1739 649 1817; x_wconf 86' lang='lat' dir='ltr'>cingebant</span> <span class='ocrx_word' id='word_1_107' title='bbox 664 1739 780 1817; x_wconf 88' lang='lat' dir='ltr'>oppida</span> <span class='ocrx_word' id='word_1_108' title='bbox 795 1739 916 1813; x_wconf 70' lang='lat' dir='ltr'>fossae,</span> 
     </span>
     <span class='ocr_line' id='line_1_17' title="bbox 119 1839 802 1913; baseline -0.003 -14"><span class='ocrx_word' id='word_1_109' title='bbox 119 1860 181 1900; x_wconf 92' lang='lat' dir='ltr'>non</span> <span class='ocrx_word' id='word_1_110' title='bbox 196 1842 271 1900; x_wconf 92' lang='lat' dir='ltr'>tuba</span> <span class='ocrx_word' id='word_1_111' title='bbox 286 1839 402 1913; x_wconf 91' lang='lat' dir='ltr'>directi,</span> <span class='ocrx_word' id='word_1_112' title='bbox 420 1859 482 1899; x_wconf 93' lang='lat' dir='ltr'>non</span> <span class='ocrx_word' id='word_1_113' title='bbox 498 1840 576 1900; x_wconf 90' lang='lat' dir='ltr'>aeris</span> <span class='ocrx_word' id='word_1_114' title='bbox 592 1859 708 1900; x_wconf 91' lang='lat' dir='ltr'>cornua</span> <span class='ocrx_word' id='word_1_115' title='bbox 722 1840 802 1913; x_wconf 85' lang='lat' dir='ltr'>flexi,</span> 
     </span>
     <span class='ocr_line' id='line_1_18' title="bbox 120 1940 897 2019; baseline 0 -20"><span class='ocrx_word' id='word_1_116' title='bbox 120 1960 181 2000; x_wconf 89' lang='lat' dir='ltr'>non</span> <span class='ocrx_word' id='word_1_117' title='bbox 195 1941 310 2019; x_wconf 87' lang='lat' dir='ltr'>galeae,</span> <span class='ocrx_word' id='word_1_118' title='bbox 327 1959 390 1999; x_wconf 90' lang='lat' dir='ltr'>non</span> <span class='ocrx_word' id='word_1_119' title='bbox 406 1941 489 2000; x_wconf 90' lang='lat' dir='ltr'>ensis</span> <span class='ocrx_word' id='word_1_120' title='bbox 506 1949 611 2013; x_wconf 91' lang='lat' dir='ltr'>erant;</span> <span class='ocrx_word' id='word_1_121' title='bbox 635 1940 702 1999; x_wconf 90' lang='lat' dir='ltr'>sine</span> <span class='ocrx_word' id='word_1_122' title='bbox 718 1940 823 2000; x_wconf 90' lang='lat' dir='ltr'>militis</span> <span class='ocrx_word' id='word_1_123' title='bbox 839 1958 897 2000; x_wconf 93' lang='lat' dir='ltr'>usu</span> 
     </span>
     <span class='ocr_line' id='line_1_19' title="bbox 110 2040 1113 2118; baseline 0.001 -19"><span class='ocrx_word' id='word_1_124' title='bbox 110 2041 223 2112; x_wconf 68' lang='lat' dir='ltr'>,mollia</span> <span class='ocrx_word' id='word_1_125' title='bbox 238 2059 365 2100; x_wconf 88' lang='lat' dir='ltr'>securae</span> <span class='ocrx_word' id='word_1_126' title='bbox 380 2041 571 2117; x_wconf 90' lang='lat' dir='ltr'>peragebant</span> <span class='ocrx_word' id='word_1_127' title='bbox 585 2040 649 2100; x_wconf 90' lang='lat' dir='ltr'>otia</span> <span class='ocrx_word' id='word_1_128' title='bbox 663 2049 781 2118; x_wconf 90' lang='lat' dir='ltr'>gentes.</span> <span class='ocrx_word' id='word_1_129' title='bbox 1067 2050 1113 2087; x_wconf 89' lang='lat'>100</span> 
     </span>
     <span class='ocr_line' id='line_1_20' title="bbox 120 2138 957 2217; baseline 0 -18"><span class='ocrx_word' id='word_1_130' title='bbox 120 2143 194 2217; x_wconf 91' lang='lat' dir='ltr'>Ipsa</span> <span class='ocrx_word' id='word_1_131' title='bbox 209 2159 332 2216; x_wconf 87' lang='lat' dir='ltr'>quoque</span> <span class='ocrx_word' id='word_1_132' title='bbox 348 2138 491 2198; x_wconf 84' lang='lat' dir='ltr'>immunis</span> <span class='ocrx_word' id='word_1_133' title='bbox 507 2149 667 2217; x_wconf 89' lang='lat' dir='ltr'>rastroque</span> <span class='ocrx_word' id='word_1_134' title='bbox 683 2140 799 2202; x_wconf 74' lang='lat' dir='ltr'>intanta</span> <span class='ocrx_word' id='word_1_135' title='bbox 814 2158 871 2199; x_wconf 91' lang='lat' dir='ltr'>nec</span> <span class='ocrx_word' id='word_1_136' title='bbox 887 2139 957 2199; x_wconf 94' lang='lat' dir='ltr'>ullis</span> 
     </span>
     <span class='ocr_line' id='line_1_21' title="bbox 119 2239 882 2316; baseline -0.003 -16"><span class='ocrx_word' id='word_1_137' title='bbox 119 2241 224 2301; x_wconf 91' lang='lat' dir='ltr'>saucia</span> <span class='ocrx_word' id='word_1_138' title='bbox 238 2239 413 2300; x_wconf 91' lang='lat' dir='ltr'>vomeribus</span> <span class='ocrx_word' id='word_1_139' title='bbox 428 2259 483 2316; x_wconf 89' lang='lat' dir='ltr'>per</span> <span class='ocrx_word' id='word_1_140' title='bbox 498 2258 531 2299; x_wconf 92' lang='lat' dir='ltr'>se</span> <span class='ocrx_word' id='word_1_141' title='bbox 547 2240 642 2300; x_wconf 91' lang='lat' dir='ltr'>dabat</span> <span class='ocrx_word' id='word_1_142' title='bbox 656 2240 761 2300; x_wconf 88' lang='lat' dir='ltr'>omnia</span> <span class='ocrx_word' id='word_1_143' title='bbox 775 2241 882 2311; x_wconf 90' lang='lat' dir='ltr'>tellus;</span> 
     </span>
     <span class='ocr_line' id='line_1_22' title="bbox 118 2340 783 2418; baseline -0.003 -16"><span class='ocrx_word' id='word_1_144' title='bbox 118 2340 317 2416; x_wconf 88' lang='lat' dir='ltr'>contentique</span> <span class='ocrx_word' id='word_1_145' title='bbox 332 2340 410 2400; x_wconf 91' lang='lat' dir='ltr'>cibis</span> <span class='ocrx_word' id='word_1_146' title='bbox 426 2340 510 2399; x_wconf 91' lang='lat' dir='ltr'>nullo</span> <span class='ocrx_word' id='word_1_147' title='bbox 526 2349 656 2418; x_wconf 89' lang='lat' dir='ltr'>cogente</span> <span class='ocrx_word' id='word_1_148' title='bbox 672 2340 783 2400; x_wconf 91' lang='lat' dir='ltr'>creatis</span> 
     </span>
     <span class='ocr_line' id='line_1_23' title="bbox 118 2440 848 2519; baseline -0.001 -19"><span class='ocrx_word' id='word_1_149' title='bbox 118 2441 264 2500; x_wconf 89' lang='lat' dir='ltr'>arbuteos</span> <span class='ocrx_word' id='word_1_150' title='bbox 279 2441 361 2499; x_wconf 82' lang='lat' dir='ltr'>fetus</span> <span class='ocrx_word' id='word_1_151' title='bbox 377 2448 586 2517; x_wconf 89' lang='lat' dir='ltr'>montanaque</span> <span class='ocrx_word' id='word_1_152' title='bbox 601 2441 689 2519; x_wconf 85' lang='lat' dir='ltr'>fraga</span> <span class='ocrx_word' id='word_1_153' title='bbox 704 2440 848 2519; x_wconf 90' lang='lat' dir='ltr'>legebant</span> 
     </span>
     <span class='ocr_line' id='line_1_24' title="bbox 119 2540 873 2619; baseline -0.003 -18"><span class='ocrx_word' id='word_1_154' title='bbox 119 2559 274 2619; x_wconf 89' lang='lat' dir='ltr'>cornaque</span> <span class='ocrx_word' id='word_1_155' title='bbox 290 2550 321 2600; x_wconf 88' lang='lat' dir='ltr'>et</span> <span class='ocrx_word' id='word_1_156' title='bbox 336 2540 367 2598; x_wconf 94' lang='lat' dir='ltr'>in</span> <span class='ocrx_word' id='word_1_157' title='bbox 384 2540 468 2601; x_wconf 90' lang='lat' dir='ltr'>duris</span> <span class='ocrx_word' id='word_1_158' title='bbox 483 2541 642 2600; x_wconf 86' lang='lat' dir='ltr'>haerentia</span> <span class='ocrx_word' id='word_1_159' title='bbox 658 2559 743 2600; x_wconf 88' lang='lat' dir='ltr'>mora</span> <span class='ocrx_word' id='word_1_160' title='bbox 757 2540 873 2600; x_wconf 89' lang='lat' dir='ltr'>rubetis</span> 
     </span>
     <span class='ocr_line' id='line_1_25' title="bbox 119 2639 937 2719; baseline -0.004 -18"><span class='ocrx_word' id='word_1_161' title='bbox 119 2651 150 2701; x_wconf 90' lang='lat' dir='ltr'>et</span> <span class='ocrx_word' id='word_1_162' title='bbox 165 2660 245 2719; x_wconf 88' lang='lat' dir='ltr'>quae</span> <span class='ocrx_word' id='word_1_163' title='bbox 260 2641 440 2702; x_wconf 89' lang='lat' dir='ltr'>deciderant</span> <span class='ocrx_word' id='word_1_164' title='bbox 455 2641 561 2718; x_wconf 88' lang='lat' dir='ltr'>patula</span> <span class='ocrx_word' id='word_1_165' title='bbox 578 2641 661 2701; x_wconf 87' lang='lat' dir='ltr'>lovis</span> <span class='ocrx_word' id='word_1_166' title='bbox 677 2642 785 2700; x_wconf 88' lang='lat' dir='ltr'>arbore</span> <span class='ocrx_word' id='word_1_167' title='bbox 799 2639 937 2716; x_wconf 78' lang='lat' dir='ltr'>glandes</span> 
     </span>
    </p>
   </div>
   <div class='ocr_carea' id='block_1_5' title="bbox 119 2739 927 3319">
    <p class='ocr_par' dir='ltr' id='par_1_5' title="bbox 119 2739 927 3020">
     <span class='ocr_line' id='line_1_26' title="bbox 119 2739 927 2819; baseline -0.004 -18"><span class='ocrx_word' id='word_1_168' title='bbox 119 2743 181 2802; x_wconf 91' lang='lat' dir='ltr'>Ver</span> <span class='ocrx_word' id='word_1_169' title='bbox 196 2751 261 2802; x_wconf 90' lang='lat' dir='ltr'>erat</span> <span class='ocrx_word' id='word_1_170' title='bbox 276 2751 443 2815; x_wconf 89' lang='lat' dir='ltr'>aeternum,</span> <span class='ocrx_word' id='word_1_171' title='bbox 460 2741 637 2819; x_wconf 90' lang='lat' dir='ltr'>placidique</span> <span class='ocrx_word' id='word_1_172' title='bbox 652 2739 830 2818; x_wconf 92' lang='lat' dir='ltr'>tepentibus</span> <span class='ocrx_word' id='word_1_173' title='bbox 846 2739 927 2798; x_wconf 91' lang='lat' dir='ltr'>auris</span> 
     </span>
     <span class='ocr_line' id='line_1_27' title="bbox 119 2839 870 2921; baseline -0.001 -21"><span class='ocrx_word' id='word_1_174' title='bbox 119 2843 296 2902; x_wconf 89' lang='lat' dir='ltr'>mulcebant</span> <span class='ocrx_word' id='word_1_175' title='bbox 311 2842 436 2921; x_wconf 90' lang='lat' dir='ltr'>zephyri</span> <span class='ocrx_word' id='word_1_176' title='bbox 451 2851 541 2902; x_wconf 88' lang='lat' dir='ltr'>natos</span> <span class='ocrx_word' id='word_1_177' title='bbox 556 2841 623 2902; x_wconf 90' lang='lat' dir='ltr'>sine</span> <span class='ocrx_word' id='word_1_178' title='bbox 639 2841 755 2902; x_wconf 91' lang='lat' dir='ltr'>semine</span> <span class='ocrx_word' id='word_1_179' title='bbox 771 2839 870 2899; x_wconf 90' lang='lat' dir='ltr'>flores.</span> 
     </span>
     <span class='ocr_line' id='line_1_28' title="bbox 120 2940 804 3020; baseline 0 -20"><span class='ocrx_word' id='word_1_180' title='bbox 120 2944 196 3002; x_wconf 85' lang='lat' dir='ltr'>Mox</span> <span class='ocrx_word' id='word_1_181' title='bbox 211 2940 303 3002; x_wconf 90' lang='lat' dir='ltr'>etiam</span> <span class='ocrx_word' id='word_1_182' title='bbox 318 2942 422 3020; x_wconf 83' lang='lat' dir='ltr'>fruges</span> <span class='ocrx_word' id='word_1_183' title='bbox 437 2942 528 3002; x_wconf 91' lang='lat' dir='ltr'>tellus</span> <span class='ocrx_word' id='word_1_184' title='bbox 544 2941 662 3002; x_wconf 91' lang='lat' dir='ltr'>inarata</span> <span class='ocrx_word' id='word_1_185' title='bbox 677 2941 804 3013; x_wconf 83' lang='lat' dir='ltr'>ferebat,</span> 
     </span>
    </p>

    <p class='ocr_par' dir='ltr' id='par_1_6' title="bbox 119 3040 915 3319">
     <span class='ocr_line' id='line_1_29' title="bbox 119 3040 878 3120; baseline -0.003 -18"><span class='ocrx_word' id='word_1_186' title='bbox 119 3061 177 3102; x_wconf 91' lang='lat' dir='ltr'>nec</span> <span class='ocrx_word' id='word_1_187' title='bbox 191 3051 357 3102; x_wconf 90' lang='lat' dir='ltr'>renovatus</span> <span class='ocrx_word' id='word_1_188' title='bbox 373 3061 445 3120; x_wconf 89' lang='lat' dir='ltr'>ager</span> <span class='ocrx_word' id='word_1_189' title='bbox 459 3042 594 3120; x_wconf 89' lang='lat' dir='ltr'>gravidis</span> <span class='ocrx_word' id='word_1_190' title='bbox 610 3043 742 3102; x_wconf 90' lang='lat' dir='ltr'>canebat</span> <span class='ocrx_word' id='word_1_191' title='bbox 758 3040 878 3112; x_wconf 81' lang='lat' dir='ltr'>aristis3</span> 
     </span>
     <span class='ocr_line' id='line_1_30' title="bbox 119 3140 915 3215; baseline -0.004 -12"><span class='ocrx_word' id='word_1_192' title='bbox 119 3142 245 3203; x_wconf 90' lang='lat' dir='ltr'>fiumina</span> <span class='ocrx_word' id='word_1_193' title='bbox 260 3140 320 3200; x_wconf 87' lang='lat' dir='ltr'>iam</span> <span class='ocrx_word' id='word_1_194' title='bbox 335 3141 433 3214; x_wconf 91' lang='lat' dir='ltr'>lactis,</span> <span class='ocrx_word' id='word_1_195' title='bbox 450 3142 511 3202; x_wconf 90' lang='lat' dir='ltr'>iam</span> <span class='ocrx_word' id='word_1_196' title='bbox 526 3142 654 3201; x_wconf 88' lang='lat' dir='ltr'>flumina</span> <span class='ocrx_word' id='word_1_197' title='bbox 669 3142 803 3202; x_wconf 87' lang='lat' dir='ltr'>nectaris</span> <span class='ocrx_word' id='word_1_198' title='bbox 819 3142 915 3215; x_wconf 87' lang='lat' dir='ltr'>ibant,</span> 
     </span>
     <span class='ocr_line' id='line_1_31' title="bbox 120 3240 792 3319; baseline -0.003 -16"><span class='ocrx_word' id='word_1_199' title='bbox 120 3243 259 3319; x_wconf 91' lang='lat' dir='ltr'>flavaque</span> <span class='ocrx_word' id='word_1_200' title='bbox 275 3242 314 3301; x_wconf 90' lang='lat' dir='ltr'>de</span> <span class='ocrx_word' id='word_1_201' title='bbox 330 3240 419 3301; x_wconf 88' lang='lat' dir='ltr'>viridi</span> <span class='ocrx_word' id='word_1_202' title='bbox 435 3241 593 3301; x_wconf 88' lang='lat' dir='ltr'>stillabant</span> <span class='ocrx_word' id='word_1_203' title='bbox 609 3241 677 3301; x_wconf 91' lang='lat' dir='ltr'>ilice</span> <span class='ocrx_word' id='word_1_204' title='bbox 694 3242 792 3301; x_wconf 91' lang='lat' dir='ltr'>mella.</span> 
     </span>
    </p>
   </div>
   <div class='ocr_carea' id='block_1_6' title="bbox 0 0 1256 3682">
    <p class='ocr_par' dir='ltr' id='par_1_7' title="bbox 0 0 1256 3682">
     <span class='ocr_line' id='line_1_32' title="bbox 0 0 1256 3682; baseline 0 0"><span class='ocrx_word' id='word_1_205' title='bbox 0 0 1256 3682; x_wconf 95' lang='lat' dir='ltr'> </span> 
     </span>
    </p>
   </div>
  </div>
 </body>
</html>
