2504 3682
490 243 705 293 PHAETHON.
1060 243 1094 292 49

97 414 179 473 colla
193 413 265 492 iugo
280 413 415 490 eripiunt
431 414 623 490 abruptaque
638 413 704 471 lora
718 413 902 488 relinquunt.
1045 422 1093 475 3¹5

98 514 167 573 Illic
181 514 269 573 trena
285 512 395 586 iacent,
412 513 475 572 illie
489 523 613 572 temone
628 513 769 573 revulsus

97 614 174 687 axis,
191 614 223 672 in
238 616 297 673 hac
312 614 390 673 radii
405 614 571 674 fractarum
587 622 674 690 parte
689 624 831 686 rotarum,

97 733 268 791 sparsaque
284 723 357 773 sunt
371 714 432 773 late
447 713 541 773 laceri
556 713 687 790 vestigia
702 733 817 773 currus.

64 846 67 850 ·
140 817 182 873 At
199 815 368 886 Phaethon,
385 815 492 874 rutilos
508 815 631 873 flamma
645 813 814 890 populante
829 812 965 889 capillos,

98 915 229 974 volvitur
244 915 276 973 in
292 933 443 992 praeceps
458 914 613 992 longoque
628 933 684 991 per
700 918 771 974 atra
786 923 884 972 tractu
1045 927 1093 976 3²0

99 1015 201 1087 fertur,
219 1024 252 1073 ut
267 1014 420 1074 interdum
436 1015 476 1074 de
491 1015 577 1073 eaelo
593 1014 682 1073 stella
696 1033 814 1086 sereno,

97 1113 157 1173 etsi
171 1133 234 1174 non
248 1113 371 1188 cecidit,
387 1113 487 1192 potuit
501 1114 651 1175 cecidisse
667 1113 772 1173 videri.

98 1215 200 1288 Quem
215 1215 322 1292 procul
337 1234 355 1273 a
370 1215 470 1291 patria
485 1215 608 1274 diverso
623 1214 773 1273 maximus
788 1214 863 1272 orbe

98 1315 211 1391 excipit
228 1314 381 1374 Eridanus
395 1314 610 1391 fumantiaque
626 1314 723 1373 abluit
738 1334 799 1373 ora.

98 1415 217 1475 Naides
235 1415 408 1492 Hesperiae
423 1416 525 1475 trifida
539 1415 690 1474 fumantia
704 1414 828 1474 flamma
1044 1426 1091 1478 325

97 1534 227 1591 corpora
242 1515 319 1574 dant
333 1515 459 1587 tumulo,
477 1515 601 1592 signant
615 1534 739 1591 quoque
755 1515 889 1575 carmine
905 1535 1027 1574 saxum:

99 1615 181 1674 ‘Hic
196 1615 275 1674 situs
290 1623 338 1673 est
354 1615 524 1688 Phaethon,
542 1634 649 1674 currus
665 1615 770 1692 auriga
785 1615 913 1691 paterni.

98 1716 199 1789 Quem
214 1715 240 1774 si
256 1734 318 1774 non
335 1715 442 1788 tenuit,
459 1717 579 1792 magnis
594 1725 696 1774 tamen
714 1715 827 1774 excidit
841 1714 943 1774 ausis.'
967 1792 970 1799 Ι

99 1817 178 1873 Nam
193 1826 280 1893 pater
295 1816 457 1888 obductos,
474 1815 558 1875 luctu
573 1815 758 1874 miserabilis
774 1833 873 1891 aegro,

97 1915 280 1974 condiderat
294 1916 412 1989 vultus;
436 1916 507 1974 etsi
524 1916 616 1974 modo
632 1915 794 1986 credimus,
812 1934 906 1973 unum
1043 1929 1091 1978 330

97 2015 159 2074 isse
174 2015 255 2074 diem
272 2015 338 2074 sine
354 2015 419 2074 sole
434 2016 546 2075 terunt.
592 2015 744 2074 Incendia
759 2015 860 2072 lumen

96 2115 289 2192 praebebant
305 2115 478 2192 aliquisque
493 2116 574 2175 malo
589 2117 648 2174 tuit
664 2135 737 2174 usus
753 2115 784 2172 in
799 2115 861 2174 illo.

139 2218 181 2274 At
197 2215 345 2293 Clymene
360 2226 524 2293 postquam
540 2217 617 2276 dixit
633 2235 845 2293 quaecumque
860 2217 984 2275 fuerunt

96 2316 127 2374 in
143 2317 238 2374 tantis
254 2315 387 2375 dicenda
402 2318 499 2391 malis,
516 2316 653 2394 lugubris
669 2326 700 2375 et
715 2335 821 2374 amens

35 2429 38 2435 ‘
96 2425 127 2474 et
143 2415 259 2474 laniata
274 2416 361 2475 sinus
377 2426 475 2476 totum
490 2417 667 2495 percensuit
682 2418 801 2490 orbem;

96 2515 316 2593 exanimesque
332 2526 416 2575 artus
431 2517 538 2594 primo,
556 2536 627 2575 mox
642 2536 715 2576 ossa
729 2517 896 2593 requirens,

96 2617 233 2692 repperit
247 2635 319 2676 ossa
335 2626 438 2677 tamen
454 2618 617 2696 peregrina
632 2617 759 2676 condita
773 2617 847 2693 ripa,

96 2715 298 2792 incubuitque
314 2716 391 2790 loco,
408 2737 582 2794 nomenque
598 2718 629 2776 in
646 2737 794 2776 marmore
810 2718 924 2776 lectum

95 2816 233 2893 perfudit
248 2816 388 2877 lacrimes
403 2828 434 2877 et
449 2829 555 2895 aperto
570 2829 695 2895 pectore
710 2818 795 2877 fovit.

139 2919 207 2976 Nec
221 2917 324 2977 minus
341 2919 491 2980 Heliades
506 2919 612 2997 lugent
627 2929 657 2978 et
673 2919 777 2976 inania
793 2919 881 2976 morti
1044 2931 1092 2980 340

96 3036 225 3076 munera
239 3018 314 3077 dant
329 3018 479 3093 lacrimas,
497 3029 528 3078 et
543 3039 653 3080 caesae
669 3028 793 3096 pectora
808 3018 918 3094 palmis

97 3137 160 3176 non
176 3117 351 3176 auditurum
367 3119 495 3179 miseras
512 3120 707 3180 Phaethonta
723 3118 873 3195 querellas

97 3227 188 3277 nocte
204 3217 316 3294 dieque
332 3230 444 3278 vocant
459 3230 718 3296 asternunturque
735 3218 885 3295 sepulcro.

98 3321 187 3376 Luna
202 3328 310 3394 quater
325 3319 438 3378 iunctis
454 3320 595 3397 implerat
611 3319 757 3379 cornibus
773 3319 896 3391 orbem;
