2504 3682
489 189 706 238 PHAETHON.
1062 192 1091 243 Sl

96 360 270 438 porrigitur,
287 359 463 438 digitosque
479 359 555 436 ligat
571 360 711 420 iunctura
725 362 880 434 rubentes,
1045 373 1094 425 375

96 480 202 538 penna
217 460 298 519 latus
312 460 412 534 vestit,
429 469 515 519 tenet
530 479 566 518 os
582 460 648 519 sine
664 459 805 520 acumine
820 470 960 520 rostrum.

99 561 149 620 Fit
165 579 245 619 nova
261 561 385 638 Cycnus
401 559 466 618 avis
482 579 539 618 nec
555 579 589 618 se
604 559 753 637 caeloque
770 559 899 637 Iovique
964 579 988 624 ο

97 661 205 733 credit,
222 670 255 719 ut
271 659 383 718 iniuste
398 659 484 718 missi
500 679 617 719 memor
633 659 713 738 ignis
729 661 768 718 ab
786 661 856 733 illo;

98 771 210 838 stagna
225 759 302 836 petit
317 760 503 836 patulosque
518 761 613 833 lacus,
631 760 795 837 ignemque
810 780 948 836 perosus

99 880 179 937 quae
194 860 284 933 colat,
301 859 393 938 elegit
409 860 563 919 contraria
579 859 704 919 flumina
719 861 859 920 flammis
1046 859 1094 924 380

142 960 310 1037 Squalidus
326 960 443 1021 interea
457 959 579 1038 genitor
595 960 798 1021 Phaethontis
815 971 845 1021 et
860 981 970 1038 expers

99 1063 166 1138 ipse
182 1060 230 1120 sui
246 1060 376 1133 decoris,
394 1061 503 1137 qualis,
521 1080 590 1119 cum
606 1062 711 1121 deficit
726 1062 842 1135 orbem,

99 1157 168 1222 es'se
184 1161 271 1234 solet,
288 1162 449 1237 lucemque
465 1160 530 1222 odit
546 1181 641 1237 seque
657 1161 723 1238 ipse
739 1161 892 1239 diemque,

99 1263 214 1339 datque
230 1260 368 1320 animum
384 1261 415 1320 in
431 1262 532 1320 luctus
548 1271 579 1321 et
594 1261 728 1320 luctibus
745 1262 839 1321 adicit
854 1262 938 1335 iram,

98 1364 295 1439 officiumque
311 1371 403 1439 negat
418 1362 542 1421 mundo.
588 1362 706 1434 ‘Satis’
723 1363 831 1438 inquit,
850 1364 906 1422 ‘ab
923 1363 990 1422 aevi
1048 1361 1096 1427 335

100 1483 166 1523 sors
181 1483 250 1522 mea
265 1463 426 1540 principiis
442 1464 499 1521 luit
515 1462 696 1539 inrequieta,
714 1463 860 1541 pigetque

100 1573 236 1623 actorum
253 1563 321 1622 sine
336 1564 397 1623 fine
413 1563 496 1634 mihi,
514 1563 582 1622 sine
597 1564 715 1622 honore
730 1564 879 1622 laborum.

93 1663 239 1737 Quilibet
254 1663 331 1722 alter
346 1673 418 1741 agat
433 1673 592 1740 portantes
608 1664 724 1722 lumina
738 1669 863 1723 currusl

101 1765 133 1823 Si
149 1784 240 1823 nemo
255 1773 312 1838 est,
329 1783 498 1841 omnesque
516 1765 564 1823 dei
581 1784 643 1823 non
659 1784 752 1841 posse
767 1766 911 1836 fatentur,

100 1864 166 1940 ipse
182 1874 261 1942 agat,
279 1874 312 1923 ut
328 1865 445 1937 saltem,
464 1865 536 1923 dum
552 1875 674 1924 nostras
689 1874 821 1941 temptat
835 1865 982 1936 habenas,
1048 1876 1096 1927 390

100 1966 247 2024 orbatura
262 1975 366 2041 patres
383 1965 550 2042 aliquando
565 1967 695 2024 fulmina
710 1975 814 2042 ponat.

101 2067 181 2125 Turn
197 2065 283 2137 sciet,
302 2065 480 2142 ignipedum
497 2065 577 2124 vires
593 2075 738 2142 expertus
754 2084 912 2142 equorum,

100 2185 164 2224 non
179 2165 327 2224 meruisse
344 2185 460 2239 necem,
477 2165 530 2242 qui
547 2185 608 2224 non
623 2167 703 2224 bene
720 2167 831 2225 rexerit
845 2165 933 2226 illos.’

143 2265 233 2324 Talia
248 2265 402 2325 dicentem
418 2267 619 2326 circumstant
634 2266 737 2325 omnia
755 2267 857 2326 Solem

100 2365 237 2437 numina,
254 2384 331 2426 neve
346 2366 420 2426 velit
434 2367 578 2426 tenebras
594 2365 738 2426 inducere
755 2368 856 2438 rebus,
1049 2378 1097 2431 395

100 2465 241 2543 supplice
256 2485 332 2526 voce
347 2476 465 2544 rogant.
512 2468 628 2526 Missos
644 2486 767 2544 quoque
785 2467 924 2543 luppiter
939 2467 1026 2542 ignes

100 2575 229 2625 excusat
244 2566 449 2643 precibusque
465 2566 565 2626 minas
581 2566 723 2644 regaliter
738 2567 833 2626 addit.

101 2665 240 2744 Conligit
255 2676 393 2726 amentes
409 2676 440 2726 et
456 2667 557 2726 adhuc
572 2677 686 2727 terrore
703 2677 852 2743 paventes

102 2767 248 2826 Phoebus
264 2785 369 2842 equos,
386 2767 573 2844 stimuloque
589 2768 700 2826 dolens
715 2777 746 2826 et
761 2768 887 2826 verbere
903 2766 1013 2838 saevit;

102 2865 201 2926 saevit
216 2867 298 2926 enim
314 2879 481 2944 natumque
497 2869 631 2928 obiectat
646 2878 677 2927 et
693 2868 823 2944 imputat
840 2867 907 2926 illis.
1049 2878 1099 2925 400

144 2972 187 3027 At
202 2977 289 3044 pater
304 2968 500 3044 omnipotens
516 2969 653 3046 ingentia
669 2969 790 3027 moenia
806 2967 883 3026 caeli

101 3069 209 3127 circuit
225 3076 265 3138 et,
283 3087 321 3127 ne
337 3068 411 3144 quid
426 3068 614 3128 labefactum
630 3070 746 3127 viribus
761 3068 842 3145 ignis

101 3177 233 3239 corruat,
251 3167 397 3243 explorat.
443 3170 531 3242 Quae
546 3180 710 3246 postquam
727 3169 813 3226 firma
829 3167 939 3243 suique

102 3268 220 3328 roboris
236 3286 305 3325 esse
320 3268 412 3340 videt,
430 3279 525 3328 terras
541 3271 761 3345 hominumque
777 3260 898 3326 labor'es
