2504 3682
231 95 245 120 0

67 226 70 232 1
142 156 176 205 60
361 159 725 208 METAMORPHOSEON
746 162 781 208 11.
817 173 919 212 all-ets.

143 325 233 384 litora
248 325 332 382 iussa
346 335 464 401 petunt,
481 327 534 385 ubi
549 328 652 404 magni
667 328 730 386 filia
745 329 825 407 regis

143 424 247 484 ludere
263 424 432 501 virginibus
447 426 549 504 Tyriis
565 428 711 487 comitata
726 430 854 489 solebat.

144 529 172 584 N
175 545 215 584 on
230 526 310 584 bene
325 526 514 586 conveniunt
530 528 633 586 necin
649 548 710 586 una
726 530 798 589 sede
814 544 969 592 morantur

142 625 287 685 maiestas
303 635 334 686 et
349 646 441 686 amor.
487 628 604 704 Sceptri
619 629 769 705 gravitate
784 631 898 704 relicta,

142 727 193 786 ille
209 736 296 804 pater
310 737 469 803 rectorque
486 729 578 787 deum
593 730 642 787 cui
659 731 766 789 dextra
781 731 916 791 trisulcis

141 828 264 905 ignibus
280 839 396 887 armata
410 837 466 901 est,
484 829 536 905 qui
551 839 628 888 nutu
643 830 780 889 concutit
796 832 911 904 orbem,

143 928 277 987 induitur
291 928 402 987 faciem
419 928 497 987 tauri
514 928 688 1005 mixtusque
704 931 842 990 iuvencis

142 1029 237 1106 mugit
253 1037 283 1088 et
298 1027 327 1086 in
345 1028 459 1088 teneris
474 1029 628 1088 formosus
644 1030 822 1090 obambulat
837 1032 949 1091 herbis,

142 1128 266 1205 Quippe
282 1129 364 1187 color
379 1129 459 1187 nivis
475 1139 531 1202 est,
549 1149 641 1204 quam
658 1150 714 1189 nec
730 1131 861 1209 vestigia
876 1133 944 1190 duri

141 1231 298 1288 calcavere
314 1229 402 1306 pedis
418 1248 476 1288 nec
491 1229 581 1288 solvit
598 1231 758 1306 aquaticus
775 1242 885 1292 auster.

142 1330 230 1388 Colla
245 1329 319 1387 toris
334 1339 473 1402 exstant3
497 1330 588 1388 armis
604 1331 740 1408 palearia
755 1332 892 1408 pendent
905 1358 911 1406 3

140 1449 256 1488 cornua
270 1448 365 1506 parva
381 1430 513 1505 quidem,
531 1431 585 1489 sed
601 1450 681 1506 quae
696 1433 885 1491 contendere
900 1434 1001 1510 possis

139 1532 221 1588 lacta
236 1549 337 1603 manu,
353 1549 491 1606 puraque
506 1530 605 1607 magis
620 1531 778 1606 perlucida
793 1551 923 1609 gemma.

142 1630 254 1690 Nullae
269 1630 299 1688 in
316 1631 418 1689 fronte
434 1630 543 1703 minae,
561 1650 619 1689 nec
633 1632 829 1691 formidabile
846 1632 965 1706 lumen;

140 1749 247 1806 pacem
264 1729 364 1789 vultus
380 1731 481 1788 habet.
528 1730 659 1788 Miratur
675 1734 817 1808 Agenore
834 1743 915 1805 nata,

141 1832 223 1906 quod
239 1840 301 1888 tam
316 1831 478 1902 formosuS‚
497 1832 579 1907 quod
595 1831 711 1906 proelia
727 1833 811 1890 nulla
827 1833 966 1892 minetur.

141 1932 211 2003 Sed,
230 1931 368 2007 quamvis
384 1931 497 2004 mitem,
515 1932 622 1990 metuit
638 1933 818 2010 contingere
834 1934 950 2011 primo:

140 2051 209 2090 mox
225 2031 289 2089 adit
305 2042 335 2090 et
350 2031 441 2090 flores
457 2032 497 2089 ad
512 2033 644 2091 candida
660 2033 787 2110 porrigit
803 2053 864 2092 ora.

140 2134 231 2190 Nunc
246 2132 326 2190 latus
341 2131 372 2188 in
388 2131 480 2190 fulvis
495 2132 618 2190 niveum
634 2132 761 2208 deponit
777 2133 917 2207 harenis3

138 2231 347 2308 paulatimque
362 2241 444 2291 metu
460 2232 586 2308 dempto
601 2234 694 2291 modo
711 2243 837 2308 pectora
852 2236 979 2310 praebet

138 2332 274 2409 virginea
290 2332 445 2408 palpanda
460 2351 561 2403 manu,
579 2333 671 2391 modo
687 2351 802 2391 cornua
817 2334 907 2393 sertis

138 2432 335 2508 impedienda
350 2432 446 2491 novis.
492 2434 576 2490 Ausa
591 2442 639 2490 est
655 2453 778 2509 quoque
794 2434 877 2510 regia
892 2434 985 2510 virgo,

139 2532 243 2591 nescia
259 2551 348 2608 quem
366 2541 525 2608 premeret,
541 2539 628 2609 tergo
643 2534 804 2592 considere
819 2533 905 2606 tauri,

138 2652 208 2691 cum
224 2632 300 2691 deus
316 2652 334 2689 a
349 2641 430 2690 terra
445 2631 589 2708 siccoque
605 2651 623 2689 a
639 2632 726 2691 litore
743 2634 856 2691 sensim

138 2733 211 2791 fissa
225 2733 338 2808 pedum
355 2731 461 2809 primis
476 2731 606 2808 vestigia
621 2732 708 2808 ponit
723 2731 754 2790 in
771 2733 879 2792 undis:

138 2833 210 2890 inde
226 2833 290 2892 abit
305 2832 430 2892 ulterius
445 2833 598 2907 mediique
613 2852 668 2909 per
683 2853 817 2908 aequora
832 2834 919 2909 ponti

137 2933 198 2992 fert
213 2935 367 3010 praedam.
414 2935 508 2991 Pavet
524 2935 601 2990 haec
616 2933 749 3008 litusque
766 2934 869 2991 ablata
885 2934 1022 2993 relictum

138 3033 272 3110 respicit,
289 3043 320 3092 et
335 3035 441 3093 dextra
457 3053 584 3092 cornum
600 3043 693 3106 tenet,
711 3035 805 3092 altera
821 3035 913 3092 dorso

138 3133 282 3209 imposita
297 3144 361 3207 est;
385 3135 531 3194 tremulae
548 3133 708 3193 sinuantur
723 3133 847 3192 flamine
862 3144 973 3194 vestes,
