2504 3682
471 237 687 286 PHAETHON.

79 407 199 481 Magna
215 404 304 480 petiS,
322 405 494 476 Phaethon,
511 415 542 464 et
557 425 635 482 quae
651 427 708 465 nec
724 407 840 467 viribus
856 409 923 468 istis

78 525 209 564 munera
224 505 411 565 conveniant
426 525 484 565 nee
499 515 561 564 tam
577 507 747 582 puerilibus
763 508 861 568 annis.

79 607 155 665 Sors
170 615 224 664 tua
238 605 384 664 mortalis.
431 608 501 664 Non
518 615 566 665 est
581 607 709 666 mortale
724 610 808 684 quod
822 619 921 685 optas.

79 706 156 764 Plus
172 705 265 765 etiam
281 725 373 783 quam
389 707 472 783 quod
488 707 608 783 superis
625 709 804 786 contingere
819 711 867 769 fas
881 721 938 782 est,

78 807 205 866 nescius
221 807 368 868 adiectas.
414 807 539 867 Placeat
554 809 614 867 sibi
630 809 760 887 quisque
776 811 888 884 licebit,

79 927 145 966 non
161 919 264 967 tamen
280 909 411 986 ignifero
427 910 590 986 quisquam
606 911 775 971 consistere
791 911 822 969 in
839 901 899 970 axe*
922 962 924 966 .

79 1027 130 1066 me
146 1008 229 1067 valet
244 1020 380 1085 excepto.
426 1010 515 1068 Vasti
532 1030 654 1087 quoque
671 1021 771 1070 rector
786 1011 918 1090 Olympi,

79 1108 134 1185 qui
149 1109 216 1168 iera
230 1110 358 1168 terribili
373 1111 523 1170 iaculatur
537 1112 667 1169 fulmina
682 1111 797 1184 dextra,

79 1229 145 1268 non
160 1219 232 1287 agat
246 1211 304 1269 hos
318 1231 443 1284 currus;
467 1221 497 1270 et
513 1213 587 1288 quid
604 1215 678 1271 iove
695 1213 793 1272 maius
808 1213 978 1272 habemus?

81 1311 188 1369 Ardua
204 1311 302 1387 prima
316 1313 366 1370 via
381 1322 429 1371 est
443 1322 474 1370 et
490 1332 553 1389 qua
568 1313 619 1370 vix
634 1332 724 1372 mane
739 1323 879 1373 recentes

80 1411 238 1470 enitantur
252 1413 332 1488 equi.
378 1414 484 1472 Medio
500 1423 547 1472 est
563 1413 714 1472 altissima
728 1415 824 1488 cae10‚

81 1511 165 1571 unde
180 1531 263 1571 mare
278 1522 310 1571 et
323 1522 421 1571 terras
437 1513 496 1589 ipsi
512 1513 585 1570 mihi
602 1533 696 1590 saepe
711 1514 814 1573 videre

81 1613 116 1670 fit
130 1612 230 1685 timor,
247 1622 278 1672 et
292 1613 405 1689 pavida
420 1612 555 1690 trepidat
569 1614 734 1674 formidine
749 1625 867 1691 pectus.

82 1713 201 1772 Ultima
215 1733 314 1789 prona
329 1714 379 1772 via
394 1724 440 1773 est
456 1723 487 1773 et
503 1725 573 1791 eget
585 1715 799 1775 moderamine
814 1726 916 1788 cert03

81 1823 155 1872 tunc
171 1813 272 1886 etiam,
290 1834 368 1891 quae
384 1835 433 1874 me
450 1815 598 1874 subiectis
614 1815 727 1892 excipit
743 1816 843 1889 undis,

82 1933 121 1972 ne
136 1915 218 1972 ferar
233 1914 265 1972 in
281 1933 439 1992 praecepa,
457 1916 576 1994 Tethys
591 1916 671 1974 solet
687 1916 754 1992 ipsa
768 1915 874 1976 vereri.

83 2015 173 2073 Adde
189 2016 274 2091 quod
289 2015 420 2074 adsidua
435 2017 552 2093 rapitur
566 2016 715 2094 vertigine
731 2019 849 2076 caelum

83 2115 247 2191 sideraque
264 2116 327 2174 alta
341 2117 435 2175 trahit
449 2117 603 2192 celerique
618 2117 773 2176 volumine
789 2127 920 2193 torquet.

84 2215 173 2274 Nitor
188 2216 219 2274 in
236 2217 408 2289 adversum,
426 2235 483 2276 nec
498 2237 555 2290 me,
573 2219 626 2293 qui
641 2227 751 2290 cetera,
769 2218 862 2277 vincit

82 2317 224 2392 impetuS,
241 2327 271 2375 et
286 2315 395 2393 rapido
410 2318 581 2377 contrarius
597 2319 710 2377 evehor
724 2318 799 2377 orbi.

84 2417 180 2494 Finge
196 2417 285 2476 datos
301 2437 414 2477 currus.
460 2419 544 2492 Quid
561 2421 656 2496 ages?
701 2420 861 2478 Poterisne
877 2419 983 2477 rotatis

82 2517 192 2576 obvius
208 2518 252 2576 ire
268 2519 347 2595 polis
363 2537 402 2576 ne
419 2528 449 2577 te
465 2519 545 2578 citus
561 2520 680 2578 auferat
695 2519 782 2578 axis?

85 2618 225 2678 Forsitan
240 2628 271 2677 et
286 2618 372 2677 lucos
388 2619 450 2677 illic
465 2620 619 2695 urbesque
635 2619 761 2679 deorum

83 2718 240 2795 concipias
256 2719 358 2777 animo
374 2720 564 2796 delubraque
580 2719 657 2778 ditia
672 2721 762 2780 donis

83 2822 172 2878 esse?
219 2821 277 2878 Per
292 2820 421 2879 insidias
438 2820 495 2880 iter
511 2830 557 2880 est
573 2821 749 2896 formasque
765 2821 919 2884 letarum..

84 2921 189 2995 thue
205 2921 285 2978 viam
301 2931 409 2981 teneas
425 2922 572 2998 nulloque
588 2940 689 2980 errore
705 2921 843 2993 traharis,

84 3039 137 3096 per
153 3030 257 3079 tamen
274 3021 394 3080 adversi
408 3023 558 3099 gradieris
574 3041 689 3081 cornua
704 3021 798 3080 Tauri

7 3105 8 3110 ἵ
86 3121 341 3199 Haemoniosque
358 3142 447 3182 arcus
462 3123 652 3199 violentique
668 3141 723 3180 ora
740 3121 853 3179 Leonis

84 3241 238 3298 saevaque
254 3223 383 3282 circuitu
399 3234 576 3282 curvantem
591 3223 737 3283 bracchia
753 3223 846 3298 longo

86 3322 233 3397 Scorpion
250 3331 343 3398 atque
360 3322 447 3382 aliter
463 3334 640 3382 curvantem
656 3322 802 3381 bracchia
819 3323 982 3381 Cancrum.
