2504 3682
135 205 170 255 20
363 203 728 253 METAMORPHOSEON
747 204 768 250 1.
802 213 906 276 335-394.

135 371 197 430 iam
212 390 355 432 revocare
369 372 453 431 dato.
500 374 585 431 Cava
599 371 713 430 bucina
729 370 859 430 sumitur
874 371 917 429 illi
1083 382 1131 437 335

135 471 256 546 tortilis,
273 471 305 530 in
320 470 416 532 latum
432 491 511 548 quae
526 470 649 531 turbine
665 470 775 531 crescit
789 471 828 530 ab
844 470 914 544 imo,

135 573 257 646 bucina,
275 590 363 649 quae,
381 572 482 632 medio
497 572 641 648 concepit
657 571 710 631 ubi
726 575 797 632 aera
812 581 917 648 ponto,

135 673 225 733 litora
238 691 315 733 voce
330 673 428 749 replet
443 673 500 732 sub
517 681 645 749 utroque
661 671 794 732 iacentia
810 672 946 731 Phoebo

136 775 225 834 Tunc
241 792 373 851 quoque,
391 781 424 832 ut
439 792 493 831 ora
508 772 559 832 dei
574 772 700 832 madida
714 772 849 831 rorantia
864 773 961 832 barba

136 875 265 954 contigit
280 884 310 935 et
325 875 437 935 cecinit
452 874 553 934 iussos
568 875 676 934 inflata
690 885 846 951 receptus
1083 888 1132 940 340

136 977 279 1036 omnibus
296 975 400 1036 audita
416 984 464 1034 est
479 975 596 1035 telluris
611 984 642 1035 et
657 975 799 1052 aequoris
815 975 914 1048 undis,

136 1087 167 1136 et
182 1077 293 1153 quibus
309 1085 356 1136 est
372 1075 462 1135 undis
478 1075 591 1149 audita,
608 1077 743 1136 coercuit
758 1069 876 1136 omnes,

137 1179 278 1238 Flumina
294 1179 466 1251 subsidunt,
483 1179 639 1254 collesque
655 1178 737 1237 exire
753 1178 913 1252 videntur;

136 1278 196 1337 iam
212 1299 296 1339 mare
310 1279 384 1339 litus
399 1279 501 1351 habet,
519 1279 628 1355 plenos
644 1279 726 1356 capit
742 1279 847 1339 alveus
862 1299 976 1352 amnes,

137 1379 233 1457 surgit
248 1381 366 1452 humus,
385 1387 527 1454 crescunt
542 1380 611 1438 loca
630 1379 880 1439 decrescentibus
897 1380 996 1440 undis.
1082 1393 1131 1447 345

138 1481 274 1556 Postque
290 1480 371 1539 diem
386 1480 509 1557 longam
525 1480 642 1539 nudata
657 1479 817 1539 cacumina
833 1480 927 1538 silvae

137 1581 304 1640 ostendunt
319 1580 486 1656 limumque
501 1589 609 1640 tenent
624 1580 655 1638 in
670 1580 780 1640 fronde
795 1581 943 1640 relictum.

180 1680 334 1740 Redditus
350 1679 433 1740 orbis
448 1689 521 1740 erat.
566 1682 667 1755 Quem
683 1690 847 1758 postquam
862 1681 940 1740 vidit
955 1680 1086 1753 inanem,

137 1790 168 1840 et
183 1781 338 1840 desolatas
353 1799 444 1858 agere
461 1781 522 1840 alta
538 1781 659 1841 silentia
674 1790 778 1855 terras,

138 1881 310 1952 Deucalion
325 1881 457 1940 lacrimis
473 1881 515 1940 ita
531 1883 678 1960 Pyrrham
694 1883 805 1942 affatur
820 1882 954 1943 obortis:
1081 1894 1131 1947 350

138 1982 184 2040 ‘O
200 2001 294 2054 soror,
311 2001 330 2040 ο
345 1982 487 2054 coniunx,
504 2000 523 2040 o
538 1982 653 2041 femina
669 1982 734 2041 sola
749 1993 913 2059 superstes

137 2101 228 2158 quam
245 2100 405 2141 commune
421 2082 496 2140 mihi
511 2101 609 2159 genus
625 2092 655 2142 et
671 2083 818 2158 patruelis
833 2083 927 2159 origo,

137 2181 249 2241 deinde
265 2190 350 2241 torus
366 2181 472 2254 iunxit,
490 2200 572 2240 nunc
588 2182 656 2258 ipsa
672 2182 807 2258 pericula
822 2182 960 2259 iungunt,

136 2291 292 2356 terrarum,
309 2300 520 2358 quascumque
535 2281 642 2341 vident
656 2300 785 2341 occasus
801 2292 832 2342 et
846 2292 939 2356 ortus,

137 2401 195 2441 nos
210 2382 272 2442 duo
287 2383 376 2442 turba
392 2401 516 2455 sumus;
539 2383 679 2459 possedit
694 2392 796 2442 cetera
811 2394 932 2460 pontus.
1082 2397 1130 2450 355

139 2484 229 2542 Haec
244 2502 367 2560 quoque
383 2483 484 2541 adhuc
499 2482 580 2542 vitae
596 2501 658 2541 non
674 2492 721 2542 est
736 2483 848 2542 fiducia
864 2496 986 2544 nostrae

137 2592 220 2643 certa
235 2583 329 2657 satis3
353 2592 468 2643 terrent
483 2583 575 2642 etiam
592 2603 674 2642 nunc
689 2583 795 2643 nubila
810 2594 952 2644 mentem.

137 2685 216 2758 Quis
231 2683 297 2757 tibi,
315 2684 341 2744 si
357 2684 424 2743 sine
441 2703 489 2744 me
505 2682 578 2742 latis
593 2693 699 2761 erepta
714 2684 834 2757 luisses

137 2803 220 2844 nunc
235 2784 363 2857 animus,
380 2783 562 2857 miseranda,
577 2784 678 2844 foret?
702 2803 763 2861 quo
778 2787 843 2844 sola
859 2784 997 2845 timorem

137 2885 216 2944 terre
231 2884 323 2943 modo
339 2886 468 2962 posses?
492 2903 553 2960 quo
569 2886 747 2943 consolante
763 2885 903 2944 doleres?
1082 2885 1131 2950 360

138 2987 280 3061 Namque
296 3002 363 3061 eg0,
380 2984 471 3044 crede
487 2984 570 3057 mihi,
587 2984 612 3043 si
628 2996 658 3043 te
674 3003 796 3061 quoque
812 2995 925 3070 pontus
940 2986 1076 3058 haberet,

137 3093 167 3143 te
184 3103 335 3160 sequerer,
352 3084 494 3158 coniunx,
512 3094 543 3144 et
558 3103 606 3144 me
622 3103 745 3160 quoque
760 3094 873 3161 pontus
890 3086 1026 3146 haberet.

138 3184 166 3243 Ο
183 3183 299 3242 utinam
314 3202 437 3261 possem
452 3185 585 3261 populos
600 3203 741 3261 reparare
758 3185 896 3260 paternis

138 3284 255 3344 artibus
271 3295 362 3360 atque
378 3285 497 3344 animas
512 3286 662 3344 formatae
678 3284 840 3344 infundere
855 3290 971 3347 terrae!
