2504 3682
134 204 166 251 44
350 181 714 256 Mnrnmonnuosnou
734 209 770 255 11.
807 219 910 258 los—224.

135 373 179 432 sic
195 393 286 433 onere
303 374 433 432 adsueto
448 393 564 433 vacuus
579 374 632 434 dat
647 375 679 433 in
695 380 767 435 aera
783 377 879 436 saltus

134 474 363 550 succutiturque
378 473 439 532 alte
456 474 625 550 similisque
640 485 688 534 est
703 494 809 535 currus
825 477 917 538 inani.

135 575 226 648 Quod
242 575 369 634 simulac
385 593 518 646 sensere,
535 585 627 634 ruunt
642 576 808 652 tritumque
823 579 1003 656 relinquunt

134 674 305 752 quadriiugi
321 675 463 751 spatium,
481 694 547 747 nec,
565 696 625 752 quo
641 677 734 752 prius,
750 678 857 738 ordine
873 691 1006 740 currunt.

135 779 207 852 Ipse
222 784 322 852 pavet.
367 778 433 834 Nec
450 795 510 850 qua
525 775 707 836 commissas
723 778 826 837 flectat
840 779 988 853 habenas,

134 895 192 935 nec
207 875 265 936 scit
279 896 340 953 qua
355 876 394 935 sit
411 875 484 949 iter3
508 894 574 948 nec,
591 875 617 934 si
633 876 718 949 sciat,
736 877 865 954 imperet
880 880 949 939 illis.
1081 897 1127 945 170

134 978 213 1035 Tum
228 977 359 1054 primum
374 975 467 1034 radiis
482 975 574 1053 gelidi
590 976 711 1037 caluere
727 978 857 1038 Triones

133 1087 165 1136 et
179 1077 273 1136 vetito
287 1078 400 1134 frustra
413 1085 601 1152 temptarunt
617 1096 750 1153 aequore
765 1078 851 1156 tingi.

134 1178 284 1254 Quaeque
300 1176 371 1253 polo
387 1177 488 1252 posita
503 1185 549 1235 est
564 1177 685 1252 glaciali
702 1178 840 1254 proxima
857 1181 998 1256 Serpens,

133 1279 244 1355 frigore
260 1277 347 1354 pigra
361 1277 445 1353 prius
461 1295 518 1334 nec
532 1277 736 1336 formidabilis
752 1277 812 1350 ulli,

134 1377 260 1437 incaluit
274 1376 466 1453 sumpsitque
482 1396 578 1436 novas
593 1377 765 1436 fervoribus
782 1378 851 1437 iras.

133 1482 178 1538 Te
193 1497 316 1555 quoque
331 1478 485 1536 turbatum
502 1486 673 1535 memorant
687 1478 811 1555 fugisse,
830 1482 935 1554 Boote,

133 1579 273 1656 quamvis
288 1579 394 1637 tardus
409 1596 477 1635 eras
493 1586 523 1634 et
538 1586 568 1636 te
584 1587 637 1636 tua
652 1576 789 1653 plaustra
804 1581 960 1640 tenebant.

174 1681 219 1739 Ut
232 1699 305 1739 vero
320 1697 438 1738 summo
454 1677 595 1754 despexit
611 1678 650 1736 ab
667 1679 789 1738 aethere
805 1690 902 1739 terras

131 1781 238 1840 infelix
254 1779 414 1839 Phaethon
430 1777 553 1855 penitus
568 1778 753 1854 penitusque
769 1778 914 1852 iacentes,

132 1882 247 1958 palluit,
264 1890 295 1940 et
309 1881 412 1939 subito
426 1899 528 1956 genua
544 1879 728 1938 intremuere
743 1879 861 1953 timore,

132 1993 263 2058 suntque
279 1981 376 2041 oculis
391 1981 538 2039 tenebrae
553 1999 608 2056 per
621 1989 741 2039 tantum
757 1981 858 2040 lumen
875 1982 1010 2043 obortae.

133 2086 170 2141 Et
186 2082 246 2140 iam
261 2081 365 2139 mallet
379 2100 476 2156 equos
492 2099 659 2156 numquam
675 2079 814 2157 tetigisse
829 2091 983 2157 paternoS,

131 2183 192 2240 iarn
207 2200 358 2259 cognosse
373 2197 471 2257 genus
487 2179 572 2256 piget
587 2189 618 2239 et
632 2180 766 2239 valuisse
781 2183 928 2257 rogando,

131 2283 192 2340 iarn
208 2281 346 2356 Meropis
362 2281 422 2341 dici
438 2279 567 2356 cupiens
583 2279 625 2338 ita
639 2281 744 2354 fertur,
762 2290 795 2339 ut
810 2291 878 2340 acta

130 2381 291 2459 praecipiti
306 2382 397 2458 pinus
412 2382 515 2453 borea,
533 2381 583 2439 cui
598 2381 679 2439 victa
694 2380 811 2440 remisit

129 2485 218 2542 frena
233 2502 306 2542 suus
321 2492 428 2554 rector,
447 2501 538 2558 quam
554 2481 603 2539 dis
618 2481 758 2557 votisque
774 2482 905 2558 reliquit.

131 2583 214 2658 Quid
228 2582 344 2654 faciat?
389 2583 521 2640 Multum
537 2581 615 2640 caeli
631 2591 703 2657 post
717 2591 803 2658 terga
818 2583 966 2656 relictum,

130 2693 202 2742 ante
218 2684 323 2742 oculos
338 2685 408 2760 plus
423 2692 478 2742 est.
524 2682 637 2740 Animo
653 2683 775 2742 metitur
790 2692 961 2759 utrumque.

132 2786 170 2842 Et
185 2785 285 2856 modo,
304 2803 381 2859 quos
396 2783 440 2840 illi
455 2784 553 2841 fatum
570 2783 750 2860 contingere
766 2803 828 2842 non
844 2793 899 2855 est,

130 2884 278 2960 prospicit
293 2903 431 2956 occasus,
448 2883 601 2942 interdum
618 2883 743 2958 respicit
759 2893 853 2942 ortus.

131 2983 276 3061 Quidque
292 2994 371 3061 agat,
388 2985 514 3062 ignarus
529 2993 632 3060 stupet
648 2994 678 3042 et
694 3002 751 3042 nec
766 2985 854 3042 frena
869 2985 1003 3059 remittit,

130 3103 189 3143 nec
204 3085 335 3144 retinere
350 3086 439 3157 valet,
457 3104 514 3144 nec
531 3084 655 3143 nomina
671 3084 756 3143 novit
771 3103 927 3160 equorum.
985 3129 991 3138 .
1031 3067 1033 3072 ¹

132 3185 245 3260 Sparsa
261 3205 383 3260 quoque
399 3186 430 3243 in
445 3186 530 3244 vario
545 3185 661 3260 passim
677 3184 824 3242 miracula
839 3183 925 3242 caelo

131 3294 346 3360 vastarumque
362 3286 446 3344 videt
461 3283 599 3359 trepidus
615 3283 777 3343 simulacra
792 3284 934 3342 ferarum.
