<?xml version="1.0" encoding="UTF-8"?>
<!DOCTYPE html PUBLIC "-//W3C//DTD XHTML 1.0 Transitional//EN"
    "http://www.w3.org/TR/xhtml1/DTD/xhtml1-transitional.dtd">
<html xmlns="http://www.w3.org/1999/xhtml" xml:lang="en" lang="en">
 <head>
  <title>
</title>
<meta http-equiv="Content-Type" content="text/html;charset=utf-8" />
  <meta name='ocr-system' content='tesseract 3.04.00' />
  <meta name='ocr-capabilities' content='ocr_page ocr_carea ocr_par ocr_line ocrx_word'/>
</head>
<body>
  <div class='ocr_page' id='page_1' title='image "./firstandsecondb01ovidgoog/firstandsecondb01ovidgoog_0039.png"; bbox 0 0 2504 3682; ppageno 0'>
   <div class='ocr_carea' id='block_1_1' title="bbox 531 283 691 332">
    <p class='ocr_par' dir='ltr' id='par_1_1' title="bbox 531 283 691 332">
     <span class='ocr_line' id='line_1_1' title="bbox 531 283 691 332; baseline -0.019 0"><span class='ocrx_word' id='word_1_1' title='bbox 531 283 691 332; x_wconf 87' lang='lat' dir='ltr'>LYCAON.</span> 
     </span>
    </p>
   </div>
   <div class='ocr_carea' id='block_1_2' title="bbox 110 450 1112 3448">
    <p class='ocr_par' dir='ltr' id='par_1_2' title="bbox 110 450 969 731">
     <span class='ocr_line' id='line_1_2' title="bbox 112 450 840 528; baseline 0.001 -17"><span class='ocrx_word' id='word_1_2' title='bbox 112 454 162 511; x_wconf 88' lang='lat' dir='ltr'>An</span> <span class='ocrx_word' id='word_1_3' title='bbox 177 451 262 525; x_wconf 88' lang='lat' dir='ltr'>satis,</span> <span class='ocrx_word' id='word_1_4' title='bbox 279 470 298 510; x_wconf 94' lang='grc' dir='ltr'><strong>ο</strong></span> <span class='ocrx_word' id='word_1_5' title='bbox 313 450 425 528; x_wconf 91' lang='lat' dir='ltr'>superi,</span> <span class='ocrx_word' id='word_1_6' title='bbox 441 460 525 511; x_wconf 88' lang='lat' dir='ltr'>tutos</span> <span class='ocrx_word' id='word_1_7' title='bbox 540 452 606 511; x_wconf 83' lang='lat' dir='ltr'>lore</span> <span class='ocrx_word' id='word_1_8' title='bbox 622 450 747 512; x_wconf 91' lang='lat' dir='ltr'>creditis</span> <span class='ocrx_word' id='word_1_9' title='bbox 763 452 840 526; x_wconf 87' lang='lat' dir='ltr'>illos,</span> 
     </span>
     <span class='ocr_line' id='line_1_3' title="bbox 110 551 969 630; baseline 0.001 -19"><span class='ocrx_word' id='word_1_10' title='bbox 110 571 180 611; x_wconf 90' lang='lat' dir='ltr'>cum</span> <span class='ocrx_word' id='word_1_11' title='bbox 195 551 279 626; x_wconf 91' lang='lat' dir='ltr'>mihi,</span> <span class='ocrx_word' id='word_1_12' title='bbox 297 551 350 628; x_wconf 94' lang='lat' dir='ltr'>qui</span> <span class='ocrx_word' id='word_1_13' title='bbox 364 551 490 624; x_wconf 82' lang='lat' dir='ltr'>fulmen,</span> <span class='ocrx_word' id='word_1_14' title='bbox 507 551 561 629; x_wconf 94' lang='lat' dir='ltr'>qui</span> <span class='ocrx_word' id='word_1_15' title='bbox 575 570 632 611; x_wconf 94' lang='lat' dir='ltr'>vos</span> <span class='ocrx_word' id='word_1_16' title='bbox 648 552 811 628; x_wconf 84' lang='lat' dir='ltr'>habeoque</span> <span class='ocrx_word' id='word_1_17' title='bbox 825 570 969 630; x_wconf 81' lang='lat' dir='ltr'>regeque,</span> 
     </span>
     <span class='ocr_line' id='line_1_4' title="bbox 110 651 825 731; baseline 0 -19"><span class='ocrx_word' id='word_1_18' title='bbox 110 651 254 712; x_wconf 83' lang='lat' dir='ltr'>struxerit</span> <span class='ocrx_word' id='word_1_19' title='bbox 269 651 398 711; x_wconf 90' lang='lat' dir='ltr'>insidias</span> <span class='ocrx_word' id='word_1_20' title='bbox 414 662 506 712; x_wconf 90' lang='lat' dir='ltr'>notus</span> <span class='ocrx_word' id='word_1_21' title='bbox 521 651 643 712; x_wconf 84' lang='lat' dir='ltr'>feritate</span> <span class='ocrx_word' id='word_1_22' title='bbox 659 654 785 731; x_wconf 90' lang='lat' dir='ltr'>Lycaon</span> <span class='ocrx_word' id='word_1_23' title='bbox 795 654 825 712; x_wconf 88' lang='lat'>?&#39;</span> 
     </span>
    </p>

    <p class='ocr_par' dir='ltr' id='par_1_3' title="bbox 110 752 1110 1234">
     <span class='ocr_line' id='line_1_5' title="bbox 153 752 1006 829; baseline -0.002 -15"><span class='ocrx_word' id='word_1_24' title='bbox 153 753 374 815; x_wconf 77' lang='lat' dir='ltr'>Confremuere</span> <span class='ocrx_word' id='word_1_25' title='bbox 390 771 497 813; x_wconf 92' lang='lat' dir='ltr'>omnes</span> <span class='ocrx_word' id='word_1_26' title='bbox 513 752 686 829; x_wconf 88' lang='lat' dir='ltr'>studiisque</span> <span class='ocrx_word' id='word_1_27' title='bbox 701 753 882 813; x_wconf 85' lang='lat' dir='ltr'>ardentibus</span> <span class='ocrx_word' id='word_1_28' title='bbox 897 772 1006 814; x_wconf 92' lang='lat' dir='ltr'>ausum</span> 
     </span>
     <span class='ocr_line' id='line_1_6' title="bbox 110 853 1110 930; baseline 0 -18"><span class='ocrx_word' id='word_1_29' title='bbox 110 853 184 912; x_wconf 84' lang='lat' dir='ltr'>talia</span> <span class='ocrx_word' id='word_1_30' title='bbox 198 853 378 930; x_wconf 90' lang='lat' dir='ltr'>deposcunt.</span> <span class='ocrx_word' id='word_1_31' title='bbox 425 853 485 927; x_wconf 85' lang='lat' dir='ltr'>Sic,</span> <span class='ocrx_word' id='word_1_32' title='bbox 502 872 572 913; x_wconf 94' lang='lat' dir='ltr'>cum</span> <span class='ocrx_word' id='word_1_33' title='bbox 587 872 698 912; x_wconf 89' lang='lat' dir='ltr'>manus</span> <span class='ocrx_word' id='word_1_34' title='bbox 713 853 809 930; x_wconf 89' lang='lat' dir='ltr'>impia</span> <span class='ocrx_word' id='word_1_35' title='bbox 823 854 923 914; x_wconf 90' lang='lat' dir='ltr'>saevit</span> <span class='ocrx_word' id='word_1_36' title='bbox 1063 867 1110 903; x_wconf 85' lang='lat'>²00</span> 
     </span>
     <span class='ocr_line' id='line_1_7' title="bbox 111 953 973 1033; baseline -0.001 -19"><span class='ocrx_word' id='word_1_37' title='bbox 111 953 261 1032; x_wconf 88' lang='lat' dir='ltr'>sanguine</span> <span class='ocrx_word' id='word_1_38' title='bbox 277 956 432 1014; x_wconf 88' lang='lat' dir='ltr'>Caesareo</span> <span class='ocrx_word' id='word_1_39' title='bbox 448 956 624 1014; x_wconf 91' lang='lat' dir='ltr'>Romanum</span> <span class='ocrx_word' id='word_1_40' title='bbox 639 953 836 1033; x_wconf 86' lang='lat' dir='ltr'>exstinguere</span> <span class='ocrx_word' id='word_1_41' title='bbox 851 974 973 1028; x_wconf 90' lang='lat' dir='ltr'>nomen,</span> 
     </span>
     <span class='ocr_line' id='line_1_8' title="bbox 110 1054 767 1116; baseline 0.003 -3"><span class='ocrx_word' id='word_1_42' title='bbox 110 1055 275 1115; x_wconf 89' lang='lat' dir='ltr'>attonitum</span> <span class='ocrx_word' id='word_1_43' title='bbox 289 1063 377 1114; x_wconf 92' lang='lat' dir='ltr'>tanto</span> <span class='ocrx_word' id='word_1_44' title='bbox 392 1054 514 1115; x_wconf 89' lang='lat' dir='ltr'>subitae</span> <span class='ocrx_word' id='word_1_45' title='bbox 529 1065 645 1116; x_wconf 89' lang='lat' dir='ltr'>terrore</span> <span class='ocrx_word' id='word_1_46' title='bbox 660 1055 767 1115; x_wconf 88' lang='lat' dir='ltr'>ruinae</span> 
     </span>
     <span class='ocr_line' id='line_1_9' title="bbox 110 1155 911 1234; baseline 0 -20"><span class='ocrx_word' id='word_1_47' title='bbox 110 1157 278 1214; x_wconf 90' lang='lat' dir='ltr'>humanum</span> <span class='ocrx_word' id='word_1_48' title='bbox 293 1174 392 1233; x_wconf 90' lang='lat' dir='ltr'>genus</span> <span class='ocrx_word' id='word_1_49' title='bbox 407 1165 455 1216; x_wconf 87' lang='lat' dir='ltr'>est</span> <span class='ocrx_word' id='word_1_50' title='bbox 469 1165 615 1233; x_wconf 86' lang='lat' dir='ltr'>totusque</span> <span class='ocrx_word' id='word_1_51' title='bbox 631 1155 805 1234; x_wconf 87' lang='lat' dir='ltr'>perhorruit</span> <span class='ocrx_word' id='word_1_52' title='bbox 818 1155 911 1216; x_wconf 89' lang='lat' dir='ltr'>orbis.</span> 
     </span>
    </p>

    <p class='ocr_par' dir='ltr' id='par_1_4' title="bbox 112 1255 968 1334">
     <span class='ocr_line' id='line_1_10' title="bbox 112 1255 968 1334; baseline 0.002 -19"><span class='ocrx_word' id='word_1_53' title='bbox 112 1259 179 1316; x_wconf 88' lang='lat' dir='ltr'>Nec</span> <span class='ocrx_word' id='word_1_54' title='bbox 193 1256 250 1315; x_wconf 91' lang='lat' dir='ltr'>tibi</span> <span class='ocrx_word' id='word_1_55' title='bbox 264 1265 351 1333; x_wconf 87' lang='lat' dir='ltr'>grata</span> <span class='ocrx_word' id='word_1_56' title='bbox 365 1255 468 1315; x_wconf 89' lang='lat' dir='ltr'>minus</span> <span class='ocrx_word' id='word_1_57' title='bbox 482 1256 593 1333; x_wconf 68' lang='lat' dir='ltr'>pietas</span> <span class='ocrx_word' id='word_1_58' title='bbox 609 1258 758 1334; x_wconf 86' lang='lat' dir='ltr'>Auguste,</span> <span class='ocrx_word' id='word_1_59' title='bbox 775 1266 896 1317; x_wconf 91' lang='lat' dir='ltr'>tuorum</span> <span class='ocrx_word' id='word_1_60' title='bbox 912 1266 968 1331; x_wconf 90' lang='lat' dir='ltr'>est,</span> 
     </span>
    </p>

    <p class='ocr_par' dir='ltr' id='par_1_5' title="bbox 111 1355 1110 1534">
     <span class='ocr_line' id='line_1_11' title="bbox 111 1355 1110 1434; baseline 0.006 -18"><span class='ocrx_word' id='word_1_61' title='bbox 111 1375 204 1434; x_wconf 89' lang='lat' dir='ltr'>quam</span> <span class='ocrx_word' id='word_1_62' title='bbox 218 1355 277 1416; x_wconf 82' lang='lat' dir='ltr'>tuit</span> <span class='ocrx_word' id='word_1_63' title='bbox 292 1356 344 1416; x_wconf 92' lang='lat' dir='ltr'>illa</span> <span class='ocrx_word' id='word_1_64' title='bbox 360 1356 436 1417; x_wconf 91' lang='lat' dir='ltr'>Iovi.</span> <span class='ocrx_word' id='word_1_65' title='bbox 481 1355 544 1431; x_wconf 89' lang='lat' dir='ltr'>Qui</span> <span class='ocrx_word' id='word_1_66' title='bbox 560 1365 723 1434; x_wconf 87' lang='lat' dir='ltr'>postquam</span> <span class='ocrx_word' id='word_1_67' title='bbox 739 1376 814 1417; x_wconf 92' lang='lat' dir='ltr'>voce</span> <span class='ocrx_word' id='word_1_68' title='bbox 831 1376 984 1434; x_wconf 88' lang='lat' dir='ltr'>manuque</span> <span class='ocrx_word' id='word_1_69' title='bbox 1064 1369 1110 1422; x_wconf 83' lang='lat'>²05</span> 
     </span>
     <span class='ocr_line' id='line_1_12' title="bbox 111 1451 880 1534; baseline 0 -19"><span class='ocrx_word' id='word_1_70' title='bbox 111 1475 266 1516; x_wconf 88' lang='lat' dir='ltr'>murmura</span> <span class='ocrx_word' id='word_1_71' title='bbox 280 1456 471 1534; x_wconf 88' lang='lat' dir='ltr'>compressit,</span> <span class='ocrx_word' id='word_1_72' title='bbox 487 1451 614 1517; x_wconf 88' lang='lat' dir='ltr'>tenuere</span> <span class='ocrx_word' id='word_1_73' title='bbox 631 1457 754 1518; x_wconf 89' lang='lat' dir='ltr'>silentia</span> <span class='ocrx_word' id='word_1_74' title='bbox 769 1457 880 1517; x_wconf 89' lang='lat' dir='ltr'>cuncti.</span> 
     </span>
    </p>

    <p class='ocr_par' dir='ltr' id='par_1_6' title="bbox 113 1557 913 1636">
     <span class='ocr_line' id='line_1_13' title="bbox 113 1557 913 1636; baseline 0 -18"><span class='ocrx_word' id='word_1_75' title='bbox 113 1557 257 1618; x_wconf 89' lang='lat' dir='ltr'>Substitit</span> <span class='ocrx_word' id='word_1_76' title='bbox 272 1567 306 1617; x_wconf 91' lang='lat' dir='ltr'>ut</span> <span class='ocrx_word' id='word_1_77' title='bbox 321 1557 444 1631; x_wconf 88' lang='lat' dir='ltr'>clamor,</span> <span class='ocrx_word' id='word_1_78' title='bbox 462 1576 590 1635; x_wconf 91' lang='lat' dir='ltr'>pressus</span> <span class='ocrx_word' id='word_1_79' title='bbox 604 1558 755 1636; x_wconf 88' lang='lat' dir='ltr'>gravitate</span> <span class='ocrx_word' id='word_1_80' title='bbox 769 1559 913 1636; x_wconf 70' lang='lat' dir='ltr'>regentis</span> 
     </span>
    </p>

    <p class='ocr_par' dir='ltr' id='par_1_7' title="bbox 113 1657 861 1735">
     <span class='ocr_line' id='line_1_14' title="bbox 113 1657 861 1735; baseline 0.003 -19"><span class='ocrx_word' id='word_1_81' title='bbox 113 1657 251 1735; x_wconf 89' lang='lat' dir='ltr'>Iuppiter</span> <span class='ocrx_word' id='word_1_82' title='bbox 266 1658 326 1718; x_wconf 93' lang='lat' dir='ltr'>hoc</span> <span class='ocrx_word' id='word_1_83' title='bbox 341 1658 449 1717; x_wconf 91' lang='lat' dir='ltr'>iterum</span> <span class='ocrx_word' id='word_1_84' title='bbox 467 1677 609 1718; x_wconf 89' lang='lat' dir='ltr'>sermone</span> <span class='ocrx_word' id='word_1_85' title='bbox 625 1659 748 1718; x_wconf 89' lang='lat' dir='ltr'>silentia</span> <span class='ocrx_word' id='word_1_86' title='bbox 762 1659 861 1735; x_wconf 89' lang='lat' dir='ltr'>rupit:</span> 
     </span>
    </p>

    <p class='ocr_par' dir='ltr' id='par_1_8' title="bbox 112 1758 1112 2239">
     <span class='ocr_line' id='line_1_15' title="bbox 154 1758 1018 1836; baseline 0.001 -20"><span class='ocrx_word' id='word_1_87' title='bbox 154 1759 228 1818; x_wconf 87' lang='lat' dir='ltr'>‘llle</span> <span class='ocrx_word' id='word_1_88' title='bbox 245 1759 370 1836; x_wconf 90' lang='lat' dir='ltr'>quidem</span> <span class='ocrx_word' id='word_1_89' title='bbox 386 1777 513 1835; x_wconf 79' lang='lat' dir='ltr'>poenaS,</span> <span class='ocrx_word' id='word_1_90' title='bbox 530 1778 634 1819; x_wconf 88' lang='lat' dir='ltr'>curam</span> <span class='ocrx_word' id='word_1_91' title='bbox 652 1760 731 1818; x_wconf 91' lang='lat' dir='ltr'>hanc</span> <span class='ocrx_word' id='word_1_92' title='bbox 747 1759 901 1833; x_wconf 88' lang='lat' dir='ltr'>dimittite,</span> <span class='ocrx_word' id='word_1_93' title='bbox 918 1758 1018 1819; x_wconf 90' lang='lat' dir='ltr'>solvit.</span> 
     </span>
     <span class='ocr_line' id='line_1_16' title="bbox 112 1859 1112 1937; baseline 0.002 -19"><span class='ocrx_word' id='word_1_94' title='bbox 112 1859 205 1934; x_wconf 91' lang='lat' dir='ltr'>Quod</span> <span class='ocrx_word' id='word_1_95' title='bbox 220 1869 324 1920; x_wconf 87' lang='lat' dir='ltr'>tamen</span> <span class='ocrx_word' id='word_1_96' title='bbox 340 1859 519 1933; x_wconf 87' lang='lat' dir='ltr'>admissum,</span> <span class='ocrx_word' id='word_1_97' title='bbox 536 1879 616 1937; x_wconf 90' lang='lat' dir='ltr'>quae</span> <span class='ocrx_word' id='word_1_98' title='bbox 631 1859 672 1920; x_wconf 91' lang='lat' dir='ltr'>sit</span> <span class='ocrx_word' id='word_1_99' title='bbox 686 1859 831 1933; x_wconf 89' lang='lat' dir='ltr'>vindicta,</span> <span class='ocrx_word' id='word_1_100' title='bbox 849 1861 976 1921; x_wconf 88' lang='lat' dir='ltr'>docebo.</span> <span class='ocrx_word' id='word_1_101' title='bbox 1064 1873 1112 1909; x_wconf 89' lang='lat'>²10</span> 
     </span>
     <span class='ocr_line' id='line_1_17' title="bbox 112 1960 860 2038; baseline -0.003 -17"><span class='ocrx_word' id='word_1_102' title='bbox 112 1960 294 2038; x_wconf 83' lang='lat' dir='ltr'>Contigerat</span> <span class='ocrx_word' id='word_1_103' title='bbox 310 1970 432 2020; x_wconf 91' lang='lat' dir='ltr'>nostras</span> <span class='ocrx_word' id='word_1_104' title='bbox 448 1960 576 2020; x_wconf 79' lang='lat' dir='ltr'>infamia</span> <span class='ocrx_word' id='word_1_105' title='bbox 591 1960 737 2037; x_wconf 92' lang='lat' dir='ltr'>temporis</span> <span class='ocrx_word' id='word_1_106' title='bbox 753 1978 860 2020; x_wconf 90' lang='lat' dir='ltr'>aures:</span> 
     </span>
     <span class='ocr_line' id='line_1_18' title="bbox 112 2060 914 2139; baseline -0.001 -18"><span class='ocrx_word' id='word_1_107' title='bbox 112 2081 204 2138; x_wconf 91' lang='lat' dir='ltr'>quam</span> <span class='ocrx_word' id='word_1_108' title='bbox 220 2061 350 2138; x_wconf 89' lang='lat' dir='ltr'>cupiens</span> <span class='ocrx_word' id='word_1_109' title='bbox 365 2062 484 2136; x_wconf 81' lang='lat' dir='ltr'>falsam,</span> <span class='ocrx_word' id='word_1_110' title='bbox 502 2079 622 2121; x_wconf 91' lang='lat' dir='ltr'>summo</span> <span class='ocrx_word' id='word_1_111' title='bbox 637 2060 766 2120; x_wconf 90' lang='lat' dir='ltr'>delabor</span> <span class='ocrx_word' id='word_1_112' title='bbox 781 2061 914 2139; x_wconf 84' lang='lat' dir='ltr'>Olympo</span> 
     </span>
     <span class='ocr_line' id='line_1_19' title="bbox 112 2161 847 2239; baseline -0.001 -17"><span class='ocrx_word' id='word_1_113' title='bbox 112 2172 144 2223; x_wconf 92' lang='lat' dir='ltr'>et</span> <span class='ocrx_word' id='word_1_114' title='bbox 159 2165 236 2224; x_wconf 91' lang='lat' dir='ltr'>deus</span> <span class='ocrx_word' id='word_1_115' title='bbox 253 2164 388 2223; x_wconf 90' lang='lat' dir='ltr'>humana</span> <span class='ocrx_word' id='word_1_116' title='bbox 404 2163 502 2222; x_wconf 89' lang='lat' dir='ltr'>lustro</span> <span class='ocrx_word' id='word_1_117' title='bbox 518 2163 576 2222; x_wconf 96' lang='lat' dir='ltr'>sub</span> <span class='ocrx_word' id='word_1_118' title='bbox 592 2161 725 2239; x_wconf 90' lang='lat' dir='ltr'>imagine</span> <span class='ocrx_word' id='word_1_119' title='bbox 740 2170 847 2221; x_wconf 89' lang='lat' dir='ltr'>terras.</span> 
     </span>
    </p>

    <p class='ocr_par' dir='ltr' id='par_1_9' title="bbox 113 2262 1112 2645">
     <span class='ocr_line' id='line_1_20' title="bbox 114 2262 1041 2342; baseline -0.003 -19"><span class='ocrx_word' id='word_1_120' title='bbox 114 2266 223 2342; x_wconf 91' lang='lat' dir='ltr'>Longa</span> <span class='ocrx_word' id='word_1_121' title='bbox 238 2283 324 2324; x_wconf 88' lang='lat' dir='ltr'>mora</span> <span class='ocrx_word' id='word_1_122' title='bbox 339 2274 395 2338; x_wconf 92' lang='lat' dir='ltr'>est,</span> <span class='ocrx_word' id='word_1_123' title='bbox 413 2273 562 2341; x_wconf 90' lang='lat' dir='ltr'>quantum</span> <span class='ocrx_word' id='word_1_124' title='bbox 578 2280 677 2321; x_wconf 83' lang='lat' dir='ltr'>noxae</span> <span class='ocrx_word' id='word_1_125' title='bbox 693 2262 733 2320; x_wconf 90' lang='lat' dir='ltr'>sit</span> <span class='ocrx_word' id='word_1_126' title='bbox 748 2262 863 2338; x_wconf 91' lang='lat' dir='ltr'>ubique</span> <span class='ocrx_word' id='word_1_127' title='bbox 878 2272 1041 2339; x_wconf 88' lang='lat' dir='ltr'>repertum,</span> 
     </span>
     <span class='ocr_line' id='line_1_21' title="bbox 113 2362 1112 2441; baseline 0.003 -17"><span class='ocrx_word' id='word_1_128' title='bbox 113 2384 311 2426; x_wconf 88' lang='lat' dir='ltr'>enumerare:</span> <span class='ocrx_word' id='word_1_129' title='bbox 334 2365 434 2424; x_wconf 92' lang='lat' dir='ltr'>minor</span> <span class='ocrx_word' id='word_1_130' title='bbox 449 2364 508 2425; x_wconf 81' lang='lat' dir='ltr'>fuit</span> <span class='ocrx_word' id='word_1_131' title='bbox 524 2365 591 2441; x_wconf 89' lang='lat' dir='ltr'>ipsa</span> <span class='ocrx_word' id='word_1_132' title='bbox 607 2362 735 2421; x_wconf 78' lang='lat' dir='ltr'>infamia</span> <span class='ocrx_word' id='word_1_133' title='bbox 750 2381 831 2422; x_wconf 80' lang='lat' dir='ltr'>vero</span> <span class='ocrx_word' id='word_1_134' title='bbox 1065 2375 1112 2427; x_wconf 81' lang='lat'>²15</span> 
     </span>
     <span class='ocr_line' id='line_1_22' title="bbox 115 2463 917 2526; baseline -0.005 -1"><span class='ocrx_word' id='word_1_135' title='bbox 115 2466 263 2525; x_wconf 83' lang='lat' dir='ltr'>Maenala</span> <span class='ocrx_word' id='word_1_136' title='bbox 278 2465 460 2526; x_wconf 89' lang='lat' dir='ltr'>transieram</span> <span class='ocrx_word' id='word_1_137' title='bbox 476 2465 601 2526; x_wconf 91' lang='lat' dir='ltr'>latebris</span> <span class='ocrx_word' id='word_1_138' title='bbox 617 2463 771 2523; x_wconf 89' lang='lat' dir='ltr'>horrenda</span> <span class='ocrx_word' id='word_1_139' title='bbox 785 2464 917 2523; x_wconf 79' lang='lat' dir='ltr'>ferarum</span> 
     </span>
     <span class='ocr_line' id='line_1_23' title="bbox 114 2566 744 2645; baseline -0.003 -19"><span class='ocrx_word' id='word_1_140' title='bbox 114 2575 230 2626; x_wconf 89' lang='lat' dir='ltr'>etcum</span> <span class='ocrx_word' id='word_1_141' title='bbox 247 2567 374 2645; x_wconf 89' lang='lat' dir='ltr'>Cyllene</span> <span class='ocrx_word' id='word_1_142' title='bbox 390 2566 484 2644; x_wconf 91' lang='lat' dir='ltr'>gelidi</span> <span class='ocrx_word' id='word_1_143' title='bbox 500 2566 606 2644; x_wconf 87' lang='lat' dir='ltr'>pineta</span> <span class='ocrx_word' id='word_1_144' title='bbox 622 2566 744 2644; x_wconf 87' lang='lat' dir='ltr'>Lycaei.</span> 
     </span>
    </p>

    <p class='ocr_par' dir='ltr' id='par_1_10' title="bbox 113 2664 955 3046">
     <span class='ocr_line' id='line_1_24' title="bbox 113 2664 894 2744; baseline -0.004 -18"><span class='ocrx_word' id='word_1_145' title='bbox 113 2667 247 2727; x_wconf 90' lang='lat' dir='ltr'>Arcadis</span> <span class='ocrx_word' id='word_1_146' title='bbox 262 2666 335 2727; x_wconf 92' lang='lat' dir='ltr'>hinc</span> <span class='ocrx_word' id='word_1_147' title='bbox 350 2668 441 2726; x_wconf 89' lang='lat' dir='ltr'>sedes</span> <span class='ocrx_word' id='word_1_148' title='bbox 456 2677 488 2727; x_wconf 89' lang='lat' dir='ltr'>et</span> <span class='ocrx_word' id='word_1_149' title='bbox 503 2666 660 2742; x_wconf 90' lang='lat' dir='ltr'>inhospita</span> <span class='ocrx_word' id='word_1_150' title='bbox 674 2674 756 2725; x_wconf 87' lang='lat' dir='ltr'>tecta</span> <span class='ocrx_word' id='word_1_151' title='bbox 771 2664 894 2744; x_wconf 90' lang='lat' dir='ltr'>tyranni</span> 
     </span>
     <span class='ocr_line' id='line_1_25' title="bbox 114 2766 955 2845; baseline -0.001 -19"><span class='ocrx_word' id='word_1_152' title='bbox 114 2767 271 2845; x_wconf 89' lang='lat' dir='ltr'>ingredior</span> <span class='ocrx_word' id='word_1_153' title='bbox 285 2768 443 2827; x_wconf 88' lang='lat' dir='ltr'>traherent</span> <span class='ocrx_word' id='word_1_154' title='bbox 458 2785 527 2826; x_wconf 92' lang='lat' dir='ltr'>cum</span> <span class='ocrx_word' id='word_1_155' title='bbox 543 2785 612 2826; x_wconf 89' lang='lat' dir='ltr'>sera</span> <span class='ocrx_word' id='word_1_156' title='bbox 627 2766 809 2842; x_wconf 90' lang='lat' dir='ltr'>crepuscula</span> <span class='ocrx_word' id='word_1_157' title='bbox 824 2775 955 2826; x_wconf 91' lang='lat' dir='ltr'>noctem.</span> 
     </span>
     <span class='ocr_line' id='line_1_26' title="bbox 117 2867 879 2946; baseline -0.005 -18"><span class='ocrx_word' id='word_1_158' title='bbox 117 2868 212 2946; x_wconf 92' lang='lat' dir='ltr'>Signa</span> <span class='ocrx_word' id='word_1_159' title='bbox 228 2867 302 2927; x_wconf 88' lang='lat' dir='ltr'>dedi</span> <span class='ocrx_word' id='word_1_160' title='bbox 316 2867 441 2928; x_wconf 88' lang='lat' dir='ltr'>venisse</span> <span class='ocrx_word' id='word_1_161' title='bbox 456 2867 557 2940; x_wconf 91' lang='lat' dir='ltr'>deum,</span> <span class='ocrx_word' id='word_1_162' title='bbox 573 2867 745 2945; x_wconf 90' lang='lat' dir='ltr'>vulgusque</span> <span class='ocrx_word' id='word_1_163' title='bbox 761 2867 879 2944; x_wconf 89' lang='lat' dir='ltr'>precari</span> 
     </span>
     <span class='ocr_line' id='line_1_27' title="bbox 116 2967 862 3046; baseline -0.005 -17"><span class='ocrx_word' id='word_1_164' title='bbox 116 2977 270 3046; x_wconf 88' lang='lat' dir='ltr'>coeperat.</span> <span class='ocrx_word' id='word_1_165' title='bbox 317 2967 436 3028; x_wconf 87' lang='lat' dir='ltr'>Inridet</span> <span class='ocrx_word' id='word_1_166' title='bbox 452 2967 550 3044; x_wconf 92' lang='lat' dir='ltr'>primo</span> <span class='ocrx_word' id='word_1_167' title='bbox 566 2968 617 3044; x_wconf 90' lang='lat' dir='ltr'>pia</span> <span class='ocrx_word' id='word_1_168' title='bbox 631 2977 702 3027; x_wconf 92' lang='lat' dir='ltr'>vota</span> <span class='ocrx_word' id='word_1_169' title='bbox 718 2970 862 3046; x_wconf 90' lang='lat' dir='ltr'>Lycaon;</span> 
     </span>
    </p>

    <p class='ocr_par' dir='ltr' id='par_1_11' title="bbox 115 3067 956 3145">
     <span class='ocr_line' id='line_1_28' title="bbox 115 3067 956 3145; baseline -0.004 -17"><span class='ocrx_word' id='word_1_170' title='bbox 115 3088 188 3128; x_wconf 84' lang='lat' dir='ltr'>mox</span> <span class='ocrx_word' id='word_1_171' title='bbox 203 3068 263 3128; x_wconf 85' lang='lat' dir='ltr'>ait:</span> <span class='ocrx_word' id='word_1_172' title='bbox 287 3068 462 3145; x_wconf 84' lang='lat' dir='ltr'>‘Experiar‚</span> <span class='ocrx_word' id='word_1_173' title='bbox 479 3068 557 3128; x_wconf 88' lang='lat' dir='ltr'>deus</span> <span class='ocrx_word' id='word_1_174' title='bbox 572 3068 632 3141; x_wconf 90' lang='lat' dir='ltr'>hic,</span> <span class='ocrx_word' id='word_1_175' title='bbox 650 3067 825 3128; x_wconf 90' lang='lat' dir='ltr'>discrimine</span> <span class='ocrx_word' id='word_1_176' title='bbox 841 3077 956 3144; x_wconf 90' lang='lat' dir='ltr'>aperto,</span> 
     </span>
    </p>

    <p class='ocr_par' dir='ltr' id='par_1_12' title="bbox 115 3167 883 3230">
     <span class='ocr_line' id='line_1_29' title="bbox 115 3167 883 3230; baseline -0.007 -1"><span class='ocrx_word' id='word_1_177' title='bbox 115 3189 155 3229; x_wconf 93' lang='lat' dir='ltr'>an</span> <span class='ocrx_word' id='word_1_178' title='bbox 172 3170 211 3229; x_wconf 90' lang='lat' dir='ltr'>sit</span> <span class='ocrx_word' id='word_1_179' title='bbox 226 3169 372 3230; x_wconf 90' lang='lat' dir='ltr'>mortalis.</span> <span class='ocrx_word' id='word_1_180' title='bbox 418 3170 485 3227; x_wconf 94' lang='lat' dir='ltr'>Nec</span> <span class='ocrx_word' id='word_1_181' title='bbox 500 3168 558 3227; x_wconf 88' lang='lat' dir='ltr'>erit</span> <span class='ocrx_word' id='word_1_182' title='bbox 573 3168 742 3228; x_wconf 87' lang='lat' dir='ltr'>dubitabile</span> <span class='ocrx_word' id='word_1_183' title='bbox 759 3167 883 3226; x_wconf 87' lang='lat' dir='ltr'>verum&#39;</span> 
     </span>
    </p>

    <p class='ocr_par' dir='ltr' id='par_1_13' title="bbox 115 3267 905 3348">
     <span class='ocr_line' id='line_1_30' title="bbox 115 3267 905 3348; baseline -0.005 -18"><span class='ocrx_word' id='word_1_184' title='bbox 115 3273 218 3330; x_wconf 92' lang='lat' dir='ltr'>Nocte</span> <span class='ocrx_word' id='word_1_185' title='bbox 232 3288 356 3348; x_wconf 89' lang='lat' dir='ltr'>gravem</span> <span class='ocrx_word' id='word_1_186' title='bbox 373 3288 482 3329; x_wconf 91' lang='lat' dir='ltr'>somno</span> <span class='ocrx_word' id='word_1_187' title='bbox 497 3268 650 3346; x_wconf 87' lang='lat' dir='ltr'>necopina</span> <span class='ocrx_word' id='word_1_188' title='bbox 664 3267 792 3345; x_wconf 90' lang='lat' dir='ltr'>perdere</span> <span class='ocrx_word' id='word_1_189' title='bbox 808 3276 905 3327; x_wconf 89' lang='lat' dir='ltr'>morte</span> 
     </span>
    </p>

    <p class='ocr_par' dir='ltr' id='par_1_14' title="bbox 115 3367 854 3448">
     <span class='ocr_line' id='line_1_31' title="bbox 115 3367 854 3448; baseline -0.009 -17"><span class='ocrx_word' id='word_1_190' title='bbox 115 3390 165 3431; x_wconf 93' lang='lat' dir='ltr'>me</span> <span class='ocrx_word' id='word_1_191' title='bbox 180 3378 288 3448; x_wconf 92' lang='lat' dir='ltr'>parat:</span> <span class='ocrx_word' id='word_1_192' title='bbox 311 3369 388 3429; x_wconf 91' lang='lat' dir='ltr'>haec</span> <span class='ocrx_word' id='word_1_193' title='bbox 404 3369 447 3427; x_wconf 92' lang='lat' dir='ltr'>illi</span> <span class='ocrx_word' id='word_1_194' title='bbox 463 3369 565 3446; x_wconf 92' lang='lat' dir='ltr'>placet</span> <span class='ocrx_word' id='word_1_195' title='bbox 579 3367 768 3445; x_wconf 89' lang='lat' dir='ltr'>experientia</span> <span class='ocrx_word' id='word_1_196' title='bbox 782 3367 854 3428; x_wconf 90' lang='lat' dir='ltr'>veri.</span> 
     </span>
    </p>
   </div>
   <div class='ocr_carea' id='block_1_3' title="bbox 0 0 1263 3682">
    <p class='ocr_par' dir='ltr' id='par_1_15' title="bbox 0 0 1263 3682">
     <span class='ocr_line' id='line_1_32' title="bbox 0 0 1263 3682; baseline 0 0"><span class='ocrx_word' id='word_1_197' title='bbox 0 0 1263 3682; x_wconf 95' lang='lat' dir='ltr'> </span> 
     </span>
    </p>
   </div>
  </div>
 </body>
</html>
