2504 3682
165 235 198 285 38
400 229 765 279 METAMORPHOSEON
785 228 820 275 11.
855 237 932 276 at-sa

166 403 198 460 in
214 401 292 460 solio
308 400 452 460 Phoebus
468 399 558 460 claris
574 399 697 458 lucente
712 397 892 475 smaragdis.

168 505 196 561 A
211 502 319 561 dextra
329 501 483 576 'laevaque
500 500 576 560 Dies
591 510 622 559 et
638 498 760 558 Mensis
774 508 805 558 et
820 500 930 556 Annus
1034 511 1041 524 ¹
1132 507 1164 558 25

169 603 359 677 Saeculaque
375 610 406 660 et
420 601 541 677 positae
557 600 665 676 spatiis
681 598 863 675 aequalibus
881 599 986 656 Horae

169 705 292 778 Verque
309 721 422 760 novum
439 702 542 760 stabat
557 702 692 760 cinctum
707 700 836 758 florente
853 718 974 771 corona,

168 804 271 869 stabat
286 804 370 861 nuda
386 805 498 861 Aestas
513 811 544 861 et
560 802 666 878 spicea
681 810 764 859 serta
777 800 912 876 gerebat,

169 905 271 964 stabat
286 913 317 962 et
332 905 508 962 Autumnus
524 902 652 961 calcatis
668 901 811 960 sordidus
827 900 903 972 uvis,

169 1014 200 1063 et
213 1003 353 1086 glacialis
370 1003 481 1062 Hiems
497 1021 592 1062 canos
608 1001 728 1060 hirsuta
743 1000 880 1077 capillos

212 1104 290 1162 Inde
306 1104 375 1162 loco
390 1103 511 1163 medius
526 1121 626 1160 rerum
642 1101 777 1159 novitate
793 1110 957 1176 paventem

171 1204 222 1263 Sol
238 1203 335 1262 oculis
350 1204 501 1275 iuvenem,
519 1203 632 1278 quibus
648 1201 759 1277 aspicit
775 1200 886 1274 omnia,
904 1200 988 1271 vidit,

172 1306 276 1379 ‘Quae
287 1305 293 1331 ’
307 1323 367 1380 que
380 1311 386 1338 ‘
397 1305 464 1363 viae
475 1303 533 1363 tibi
549 1306 663 1362 causa?
702 1302 786 1375 Quid
798 1301 875 1375 hac,’
889 1299 931 1360 ait
948 1308 955 1334 ‘
967 1303 1035 1358 arce
1048 1300 1162 1375 petisti,

170 1404 342 1481 progenies,
360 1403 529 1475 Phaethon,
547 1404 630 1462 haud
647 1401 807 1462 infitianda
821 1401 941 1478 parenti
955 1402 982 1460 ?'

129 1510 131 1514 '
213 1505 268 1563 Ille
283 1505 395 1564 refert:
420 1505 465 1562 ‘O
481 1503 533 1560 lux
548 1504 688 1563 immensi
704 1504 828 1580 publica
843 1503 958 1574 mundi,
1131 1513 1164 1564 35
1219 1503 1227 1516 '

172 1606 298 1664 Phoebe
313 1614 408 1681 pater,
425 1604 450 1662 si
466 1604 523 1663 das
539 1603 629 1662 huius
645 1603 720 1661 mihi
735 1603 868 1662 nominis
885 1621 983 1673 usum,

171 1725 229 1764 nec
243 1705 324 1764 falsa
340 1705 487 1783 Clymene
503 1705 625 1781 culpam
642 1705 699 1763 sub
715 1703 849 1780 imagine
865 1703 951 1775 celat,

171 1806 298 1882 pignera
313 1805 362 1877 da,
379 1806 507 1882 genitor,
526 1825 580 1881 per
595 1824 674 1881 quae
689 1815 742 1863 tua
757 1823 830 1862 vera
844 1822 982 1880 propago

81 1931 84 1936 ¹
171 1907 287 1979 credar,
304 1915 335 1965 et
349 1907 431 1964 hunc
447 1905 557 1964 animis
572 1924 706 1964 errorem
722 1905 848 1964 detrahe
864 1903 997 1962 nostris’

215 2005 349 2064 Dixerat.
394 2008 435 2064 At
449 2006 569 2082 genitor
585 2006 698 2064 circum
715 2014 807 2081 caput
822 2022 912 2062 omne
927 2003 1076 2061 micantes
1132 2015 1165 2060 40

173 2105 316 2181 deposuit
331 2105 444 2177 radios,
461 2106 650 2182 propiusque
667 2106 815 2164 accedere
831 2104 928 2177 iussit,

174 2205 376 2281 amplexuque
392 2205 472 2276 dato,
491 2207 576 2264 ‘Nec
592 2215 624 2263 tu
641 2225 728 2264 meus
743 2223 813 2263 esse
829 2205 934 2281 negari
949 2223 953 2226 ·

173 2306 285 2382 dignus
300 2325 343 2379 es,
360 2315 391 2364 et
408 2306 555 2383 Clymene
571 2306 680 2377 veroS,'
697 2306 747 2377 ait,
767 2305 881 2364 ‘edidit
896 2314 989 2362 ortus.

174 2407 306 2482 Quoque
321 2406 423 2464 minus
438 2407 571 2479 dubites,
589 2406 720 2481 quodvis
735 2416 806 2482 pete
824 2425 942 2478 munus,
959 2414 992 2463 ut
1007 2404 1081 2462 illud

174 2525 222 2564 me
237 2505 392 2565 tribuente
406 2507 497 2565 feras.
544 2506 707 2566 Promissis
723 2506 811 2564 testis
827 2507 936 2564 adesto
1134 2515 1166 2567 45

141 2602 142 2605 ¹
174 2607 222 2664 dis
238 2607 367 2664 iuranda
381 2606 478 2682 palus,
497 2606 594 2665 oculis
610 2606 767 2683 incognita
782 2605 916 2664 nostris!

216 2706 277 2763 Vix
290 2707 371 2765 bene
386 2706 527 2779 desierat,
544 2702 649 2765 currus
665 2716 752 2783 rogat
768 2706 818 2764 ille
834 2716 979 2782 paternos

175 2808 268 2883 inque
283 2806 364 2865 diem
381 2806 536 2882 alipedum
552 2807 598 2865 ius
615 2816 645 2864 et
661 2807 856 2864 moderamen
872 2825 1030 2882 equorum.

218 2907 373 2966 Paenituit
388 2906 505 2965 iurasse
521 2917 647 2983 patrem.
692 2908 754 2980 Qui
770 2918 876 2983 terque
893 2917 1062 2982 quaterque

175 3008 357 3067 concutiens
372 3007 499 3066 inlustre
515 3017 616 3084 caput,
635 3007 849 3078 ‘Temeraria'
865 3007 950 3078 dixit,
1137 3018 1168 3069 50

177 3115 254 3165 ‘vox
269 3127 337 3166 mea
350 3108 434 3167 facta
448 3117 501 3166 tua
517 3118 571 3166 est.
618 3107 744 3166 Utinam
759 3106 911 3183 promissa
926 3107 1031 3165 liceret

176 3228 238 3267 non
254 3209 346 3267 dare!
393 3209 557 3280 Confiteor,
576 3210 675 3268 solum
690 3209 749 3266 hoc
764 3208 829 3281 tibi,
847 3219 927 3280 nate,
943 3226 1096 3284 negarem.

177 3308 365 3366 Dissuadere
381 3308 460 3366 licet.
507 3310 579 3365 Non
594 3316 641 3366 est
657 3317 709 3364 tua
724 3317 790 3365 tuta
805 3308 957 3366 voluntas.
