2504 3682
507 227 725 275 PHAETllON.
1081 227 1112 276 45

160 399 216 456 Est
230 397 316 455 locus
332 395 363 454 in
377 396 518 473 geminos
535 395 586 454 ubi
602 395 747 454 bracchia
761 403 913 455 concavat
928 415 1017 456 arcus
1067 407 1113 461 Ι95

117 495 264 572 Scorpius
279 505 310 554 et
324 497 423 556 cauda
438 495 587 573 flexisque
603 496 755 572 utrimque
771 495 894 555 lacertis

116 595 244 674 porrigit
259 595 291 654 in
306 597 439 672 spatium
457 597 613 674 signorum
630 597 766 656 membra
781 597 920 656 duorum.

118 699 214 756 Hunc
229 716 305 774 puer
321 707 353 755 ut
369 696 448 773 nigri
463 697 620 756 madidum
636 698 750 755 sudore
765 697 877 756 veneni

116 798 245 857 vulnera
260 807 385 857 curvata
400 796 593 856 minitantem
608 798 738 874 cuspide
754 796 838 870 vidit,

116 899 230 959 mentis
246 899 334 976 inops
350 901 453 977 gelida
468 900 632 959 tormidine
648 901 713 959 lora
728 899 852 959 remisit.
1065 912 1113 947 200

117 1001 207 1074 Quae
222 1010 388 1076 postquam
404 1019 524 1060 summo
538 1001 667 1078 tetigere
682 1001 815 1061 iacentia
830 1010 923 1077 terg0,

117 1099 329 1176 exspatiantur
344 1101 424 1176 equi,
441 1101 587 1175 nulloque
602 1100 762 1160 inhibente
778 1119 832 1176 per
847 1119 938 1159 auras

116 1201 241 1277 ignotae
256 1200 391 1277 regionis
406 1209 489 1272 eunt,
507 1219 630 1277 quaque
645 1201 780 1277 impetus
794 1201 865 1277 egit,

117 1301 176 1359 hac
192 1301 259 1359 sine
275 1301 342 1378 lege
357 1310 458 1374 ruunt,
475 1300 599 1376 altoque
615 1301 673 1360 sub
689 1301 814 1360 aethere
829 1301 897 1360 fixis

117 1403 277 1461 incursant
291 1401 397 1473 stellis,
414 1401 598 1477 rapiuntque
613 1421 668 1477 per
683 1402 752 1461 avia
766 1420 896 1460 currum.
1065 1414 1112 1465 205

119 1505 158 1560 Et
173 1502 265 1560 modo
281 1520 400 1560 summa
415 1511 532 1578 petunt,
549 1503 642 1560 modo
657 1521 713 1579 per
727 1501 845 1561 declive
860 1502 988 1578 viasque

118 1601 303 1679 praecipites
319 1601 420 1677 spatio
434 1611 532 1660 terrae
547 1601 690 1679 propiore
704 1603 851 1661 teruntur.

119 1702 315 1778 Inferiusque
331 1702 396 1760 suis
410 1702 562 1761 fraternos
578 1721 698 1761 currere
715 1705 802 1761 Luna

119 1801 287 1860 admiratur
301 1820 408 1878 equos,
425 1802 630 1878 ambustaque
645 1801 753 1861 nubila
766 1803 894 1862 fumant.

161 1902 333 1978 Corripitur
347 1902 488 1975 flammis,
505 1912 538 1962 ut
553 1921 695 1979 quaeque
711 1902 867 1974 altissima,
884 1904 985 1974 tellus,
1066 1915 1113 1950 2¹0

119 2004 254 2078 fissaque
270 2002 334 2080 agit
349 2002 442 2061 rimas
457 2012 488 2062 et
504 2001 586 2062 sucis
603 2013 667 2062 aret
682 2003 843 2079 ademptis

120 2102 237 2161 Pabula
252 2112 429 2176 canescunt,
446 2121 514 2162 cum
529 2103 693 2162 frondibus
709 2103 805 2161 uritur
820 2104 917 2175 arbor,

119 2204 340 2279 materiamque
356 2222 412 2263 suo
428 2204 556 2280 praebet
572 2223 661 2280 seges
677 2203 764 2263 arida
779 2205 901 2263 damno.

120 2306 219 2362 Parva
235 2322 355 2380 queror.
401 2305 535 2380 Magnae
551 2313 681 2381 pereunt
696 2323 766 2362 cum
782 2304 943 2363 moenibus
960 2305 1060 2375 urbes,

119 2423 251 2480 cumque
267 2402 332 2462 suis
347 2413 428 2463 totas
443 2404 566 2480 populis
582 2404 726 2463 incendia
741 2415 849 2481 gentes
1067 2416 1114 2466 ²¹5

120 2505 150 2561 in
167 2504 301 2563 cinerem
317 2513 447 2564 vertunt.
493 2504 594 2563 Silvae
611 2523 680 2562 cum
696 2504 853 2563 montibus
868 2506 983 2574 ardent,

120 2605 206 2663 ardet
222 2605 324 2663 Athos
339 2605 522 2681 Taurusque
538 2604 619 2664 Cilix
634 2615 665 2664 et
680 2604 808 2663 Tmolus
823 2615 854 2663 et
869 2605 947 2663 Oete

120 2715 149 2764 et
165 2714 230 2764 tum
246 2704 338 2778 sicca,
356 2704 441 2780 prius
456 2705 642 2764 creberrima
656 2705 803 2777 tontibus
822 2706 877 2763 Ide

120 2805 338 2882 virgineusque
356 2805 489 2864 Helicon
506 2815 536 2864 et
552 2806 690 2863 nondum
706 2804 857 2881 Oeagrius
874 2806 1021 2862 Haemos,

121 2907 218 2965 Ardet
233 2905 265 2963 in
282 2903 465 2964 immensum
480 2906 644 2982 geminatis
660 2906 784 2983 ignibus
800 2907 901 2964 Aetna
1068 2917 1114 2951 2²0

121 3008 338 3082 Parnasusque
353 3006 460 3083 biceps
475 3016 507 3066 et
523 3010 603 3085 Eryx
618 3016 649 3066 et
666 3006 807 3085 Cynthus
822 3014 853 3064 et
868 3003 990 3081 Othrys,

121 3117 151 3165 et
166 3107 294 3165 tandem
310 3105 431 3166 nivibus
449 3108 603 3184 Rhodope
620 3107 760 3178 caritura,
778 3105 952 3178 Mimasque

122 3206 340 3283 Dindymaque
356 3216 386 3265 et
401 3208 524 3286 Mycale
539 3217 692 3282 natusque
709 3206 748 3263 ad
764 3223 851 3262 sacra
868 3203 1042 3262 Cithaeron.

122 3308 189 3364 Nec
204 3315 336 3384 prosunt
351 3308 493 3387 Scythiae
510 3327 566 3368 sua
581 3308 702 3384 frigora.
750 3307 908 3364 Caucasus
924 3302 1011 3358 ardet
