2504 3682
389 247 599 305 QUATTUOR
626 245 802 292 AETATES.

144 409 314 482 Postquam
330 407 464 465 Saturno
477 406 642 465 tenebrosa
658 404 689 463 in
706 406 836 465 Tartara
851 405 945 466 misso

103 507 159 566 sub
178 509 252 565 Iove
269 506 402 565 mundus
418 515 492 579 erat,
509 505 604 565 subiit
620 516 767 583 argentea
781 506 892 583 proles,

102 626 177 666 auro
192 605 332 680 deterior,
349 606 433 666 fulvo
449 605 611 684 pretiosior
627 625 705 667 aere.

103 707 242 784 Iuppiter
257 706 376 783 antiqui
391 707 543 766 contraxit
558 715 697 783 tempora
712 707 802 780 veris,

101 825 217 883 perque
232 806 350 866 hiemes
365 817 533 883 aestusque
549 816 580 867 et
596 806 774 883 inaequales
790 815 954 867 autumnos

101 918 132 966 et
147 908 240 967 breve
255 925 308 966 ver
323 906 431 983 spatiis
448 907 548 984 exegit
564 916 709 983 quattuor
723 925 847 966 annum.

102 1009 182 1064 Tum
197 1006 327 1083 primum
344 1007 436 1066 siccis
451 1012 504 1067 aer
518 1007 690 1066 fervoribus
706 1016 793 1067 ustus

102 1107 236 1180 canduit,
253 1118 284 1166 et
298 1107 400 1166 ventis
414 1107 529 1185 glacies
546 1107 670 1168 astricta
685 1108 843 1184 pependit.

102 1210 182 1267 Tum
197 1207 327 1284 primum
344 1208 465 1267 subiere
483 1208 602 1267 domus.
648 1210 767 1268 Domus
783 1219 872 1268 antra
885 1209 1009 1270 fuerunt

102 1319 133 1369 et
148 1308 238 1368 densi
253 1308 379 1370 frutices
395 1318 426 1368 et
440 1309 562 1368 vinctae
578 1308 691 1369 cortice
706 1309 818 1388 virgae.

103 1410 228 1472 Semina
243 1418 306 1468 tum
322 1411 452 1487 primum
468 1409 569 1488 longis
586 1408 725 1470 Cerealia
741 1410 835 1470 sulcis

102 1511 211 1570 obruta
227 1520 306 1583 sunt,
323 1510 484 1588 pressique
500 1510 571 1588 iugo
586 1529 729 1588 gemuere
745 1510 874 1570 iuvenci.

144 1611 249 1670 Tertia
264 1621 333 1688 post
350 1611 431 1670 illam
451 1611 601 1671 successit
617 1615 713 1672 aenea
727 1611 839 1688 proleS,

103 1710 222 1771 saevior
238 1711 369 1789 ingeniis
386 1722 416 1772 et
431 1713 472 1772 ad
486 1712 611 1771 horrida
626 1711 795 1788 promptior
810 1729 902 1783 arma,

102 1831 164 1871 non
180 1813 330 1872 scelerata
344 1821 457 1872 tamen.
503 1815 551 1871 De
567 1812 644 1871 duro
660 1821 707 1872 est
723 1812 829 1870 ultima
842 1812 933 1871 ferro,

104 1911 248 1972 Protinus
263 1912 378 1990 inrupit
392 1932 490 1972 venae
504 1911 618 1989 peioris
634 1913 665 1970 in
681 1931 790 1971 aevum

102 2031 194 2072 omne
210 2013 316 2072 nefas:
340 2013 446 2091 fugere
462 2013 562 2090 pudor
576 2031 742 2089 verumque
757 2013 914 2088 fidesque;

103 2113 134 2170 in
150 2132 279 2189 quorum
296 2113 417 2173 subiere
433 2114 534 2173 locum
550 2113 738 2189 fraudesque
754 2112 878 2189 dolique

102 2212 295 2290 insidiaeque
311 2224 342 2274 et
356 2214 402 2273 vis
418 2223 449 2272 et
465 2233 549 2273 amor
564 2212 731 2274 sceleratus
746 2213 891 2272 habendi.

102 2313 180 2372 Vela
196 2313 313 2372 dabant
327 2315 436 2386 ventis,
453 2333 512 2373 nec
527 2314 627 2372 adhuc
642 2313 722 2374 bene
738 2323 866 2372 noverat
880 2312 949 2372 illos

102 2413 225 2488 navita;
248 2433 390 2490 quaeque
406 2414 459 2473 diu
475 2423 624 2475 steterant
639 2414 670 2472 in
686 2411 844 2473 montibus
859 2411 937 2485 altis,

102 2513 246 2574 fluctibus
262 2514 376 2590 ignotis
392 2514 578 2574 insultavere
594 2514 726 2573 carinae.

103 2616 368 2690 Communemque
384 2615 468 2691 prius
484 2634 540 2674 ceu
556 2614 672 2673 lumina
688 2613 762 2673 solis
778 2623 809 2672 et
825 2632 915 2672 auras

102 2723 211 2774 cautus
227 2715 353 2773 humum
368 2714 460 2792 longo
476 2713 609 2791 signavit
624 2713 719 2773 limite
734 2732 865 2773 mensor.

15 2817 21 2834 ⁰
102 2816 131 2874 N
133 2833 170 2874 ec
184 2824 305 2874 tantum
322 2824 443 2892 segetes
459 2815 666 2890 alimentaque
682 2813 786 2874 debita
802 2813 888 2872 dives

100 2934 158 2992 pos
197 2915 288 2974 batur
302 2915 422 2986 humum
443 2915 498 2974 sed
513 2915 589 2973 itum
606 2924 653 2974 est
668 2915 698 2973 in
714 2913 833 2972 viscera
848 2923 962 2973 terrae:

100 3315 188 3394 prodi
210 3292 273 3386 'at3
297 3314 401 3392 prodit
416 3315 540 3387 bellum,
557 3315 642 3391 quod
657 3324 774 3393 pugnat
789 3324 918 3391 utroque
