<?xml version="1.0" encoding="UTF-8"?>
<!DOCTYPE html PUBLIC "-//W3C//DTD XHTML 1.0 Transitional//EN"
    "http://www.w3.org/TR/xhtml1/DTD/xhtml1-transitional.dtd">
<html xmlns="http://www.w3.org/1999/xhtml" xml:lang="en" lang="en">
 <head>
  <title>
</title>
<meta http-equiv="Content-Type" content="text/html;charset=utf-8" />
  <meta name='ocr-system' content='tesseract 3.04.00' />
  <meta name='ocr-capabilities' content='ocr_page ocr_carea ocr_par ocr_line ocrx_word'/>
</head>
<body>
  <div class='ocr_page' id='page_1' title='image "./firstandsecondb01ovidgoog/firstandsecondb01ovidgoog_0045.png"; bbox 0 0 2504 3682; ppageno 0'>
   <div class='ocr_carea' id='block_1_1' title="bbox 505 228 1117 280">
    <p class='ocr_par' dir='ltr' id='par_1_1' title="bbox 505 228 1117 280">
     <span class='ocr_line' id='line_1_1' title="bbox 505 228 1117 280; baseline 0.007 -4"><span class='ocrx_word' id='word_1_1' title='bbox 505 229 735 279; x_wconf 86' lang='lat' dir='ltr'><strong>DEUCALION.</strong></span> <span class='ocrx_word' id='word_1_2' title='bbox 1085 228 1117 280; x_wconf 83' lang='lat'>21</span> 
     </span>
    </p>
   </div>
   <div class='ocr_carea' id='block_1_2' title="bbox 112 395 1119 3383">
    <p class='ocr_par' dir='ltr' id='par_1_2' title="bbox 120 395 1118 472">
     <span class='ocr_line' id='line_1_2' title="bbox 120 395 1118 472; baseline 0.01 -19"><span class='ocrx_word' id='word_1_3' title='bbox 120 395 212 455; x_wconf 90' lang='lat' dir='ltr'>Nunc</span> <span class='ocrx_word' id='word_1_4' title='bbox 225 413 324 472; x_wconf 89' lang='lat' dir='ltr'>genus</span> <span class='ocrx_word' id='word_1_5' title='bbox 339 395 370 454; x_wconf 90' lang='lat' dir='ltr'>in</span> <span class='ocrx_word' id='word_1_6' title='bbox 386 395 478 456; x_wconf 92' lang='lat' dir='ltr'>nobis</span> <span class='ocrx_word' id='word_1_7' title='bbox 493 405 588 456; x_wconf 90' lang='lat' dir='ltr'>restat</span> <span class='ocrx_word' id='word_1_8' title='bbox 605 395 733 457; x_wconf 84' lang='lat' dir='ltr'><strong>mortale</strong></span> <span class='ocrx_word' id='word_1_9' title='bbox 749 396 923 456; x_wconf 86' lang='lat' dir='ltr'>duobus-</span> <span class='ocrx_word' id='word_1_10' title='bbox 1069 395 1118 463; x_wconf 81' lang='lat'>3⁶5</span> 
     </span>
    </p>

    <p class='ocr_par' dir='ltr' id='par_1_3' title="bbox 119 494 1068 675">
     <span class='ocr_line' id='line_1_3' title="bbox 119 494 1068 574; baseline 0.003 -20"><span class='ocrx_word' id='word_1_11' title='bbox 119 494 1068 574; x_wconf 84' lang='lat' dir='ltr'>sicvisumestsuperis-hominumqueexemplamanemus’</span> 
     </span>
     <span class='ocr_line' id='line_1_4' title="bbox 162 595 936 675; baseline 0.004 -22"><span class='ocrx_word' id='word_1_12' title='bbox 162 595 298 669; x_wconf 81' lang='lat' dir='ltr'>Dixerat,</span> <span class='ocrx_word' id='word_1_13' title='bbox 314 605 346 655; x_wconf 92' lang='lat' dir='ltr'>et</span> <span class='ocrx_word' id='word_1_14' title='bbox 361 595 485 656; x_wconf 88' lang='lat' dir='ltr'>flebant.</span> <span class='ocrx_word' id='word_1_15' title='bbox 531 597 651 657; x_wconf 88' lang='lat' dir='ltr'>Placuit</span> <span class='ocrx_word' id='word_1_16' title='bbox 666 598 801 658; x_wconf 89' lang='lat' dir='ltr'>caeleste</span> <span class='ocrx_word' id='word_1_17' title='bbox 817 597 936 675; x_wconf 91' lang='lat' dir='ltr'>precari</span> 
     </span>
    </p>

    <p class='ocr_par' dir='ltr' id='par_1_4' title="bbox 118 695 918 775">
     <span class='ocr_line' id='line_1_5' title="bbox 118 695 918 775; baseline 0.005 -22"><span class='ocrx_word' id='word_1_18' title='bbox 118 714 233 754; x_wconf 88' lang='lat' dir='ltr'>numen</span> <span class='ocrx_word' id='word_1_19' title='bbox 249 706 280 756; x_wconf 92' lang='lat' dir='ltr'>et</span> <span class='ocrx_word' id='word_1_20' title='bbox 295 695 441 756; x_wconf 87' lang='lat' dir='ltr'>auxilium</span> <span class='ocrx_word' id='word_1_21' title='bbox 456 715 511 775; x_wconf 89' lang='lat' dir='ltr'>per</span> <span class='ocrx_word' id='word_1_22' title='bbox 526 716 632 757; x_wconf 89' lang='lat' dir='ltr'>sacras</span> <span class='ocrx_word' id='word_1_23' title='bbox 648 711 795 774; x_wconf 85' lang='lat' dir='ltr'>quaerere</span> <span class='ocrx_word' id='word_1_24' title='bbox 811 707 918 757; x_wconf 88' lang='lat' dir='ltr'>sortes.</span> 
     </span>
    </p>

    <p class='ocr_par' dir='ltr' id='par_1_5' title="bbox 119 789 991 880">
     <span class='ocr_line' id='line_1_6' title="bbox 119 789 991 880; baseline 0.005 -26"><span class='ocrx_word' id='word_1_25' title='bbox 119 795 212 880; x_wconf 86' lang='lat' dir='ltr'>Nulla</span> <span class='ocrx_word' id='word_1_26' title='bbox 227 815 312 855; x_wconf 90' lang='lat' dir='ltr'>mora</span> <span class='ocrx_word' id='word_1_27' title='bbox 327 805 374 856; x_wconf 94' lang='lat' dir='ltr'>est</span> <span class='ocrx_word' id='word_1_28' title='bbox 387 821 394 870; x_wconf 76' lang='lat'>3</span> <span class='ocrx_word' id='word_1_29' title='bbox 418 797 533 858; x_wconf 87' lang='lat' dir='ltr'>adeunt</span> <span class='ocrx_word' id='word_1_30' title='bbox 551 789 665 875; x_wconf 85' lang='lat' dir='ltr'>pariter</span> <span class='ocrx_word' id='word_1_31' title='bbox 680 797 867 876; x_wconf 87' lang='lat' dir='ltr'>Cephisidas</span> <span class='ocrx_word' id='word_1_32' title='bbox 883 799 991 873; x_wconf 86' lang='lat' dir='ltr'>undas,</span> 
     </span>
    </p>

    <p class='ocr_par' dir='ltr' id='par_1_6' title="bbox 119 896 1119 978">
     <span class='ocr_line' id='line_1_7' title="bbox 119 896 1119 978; baseline 0.005 -23"><span class='ocrx_word' id='word_1_33' title='bbox 119 905 153 956; x_wconf 93' lang='lat' dir='ltr'>ut</span> <span class='ocrx_word' id='word_1_34' title='bbox 168 897 304 956; x_wconf 90' lang='lat' dir='ltr'>nondum</span> <span class='ocrx_word' id='word_1_35' title='bbox 320 896 462 974; x_wconf 87' lang='lat' dir='ltr'>liquidas,</span> <span class='ocrx_word' id='word_1_36' title='bbox 480 899 525 958; x_wconf 90' lang='lat' dir='ltr'>sic</span> <span class='ocrx_word' id='word_1_37' title='bbox 539 898 602 978; x_wconf 89' lang='lat' dir='ltr'>jam</span> <span class='ocrx_word' id='word_1_38' title='bbox 619 899 699 958; x_wconf 88' lang='lat' dir='ltr'>vada</span> <span class='ocrx_word' id='word_1_39' title='bbox 715 907 789 958; x_wconf 91' lang='lat' dir='ltr'>nota</span> <span class='ocrx_word' id='word_1_40' title='bbox 803 909 953 959; x_wconf 88' lang='lat' dir='ltr'>secantes.</span> <span class='ocrx_word' id='word_1_41' title='bbox 1070 911 1119 964; x_wconf 85' lang='lat'>37⁰</span> 
     </span>
    </p>

    <p class='ocr_par' dir='ltr' id='par_1_7' title="bbox 119 996 736 1075">
     <span class='ocr_line' id='line_1_8' title="bbox 119 996 736 1075; baseline 0.005 -19"><span class='ocrx_word' id='word_1_42' title='bbox 119 997 197 1057; x_wconf 91' lang='lat' dir='ltr'>Inde</span> <span class='ocrx_word' id='word_1_43' title='bbox 213 996 265 1056; x_wconf 92' lang='lat' dir='ltr'>ubi</span> <span class='ocrx_word' id='word_1_44' title='bbox 281 997 394 1057; x_wconf 89' lang='lat' dir='ltr'>libatos</span> <span class='ocrx_word' id='word_1_45' title='bbox 410 997 583 1058; x_wconf 90' lang='lat' dir='ltr'>inroravere</span> <span class='ocrx_word' id='word_1_46' title='bbox 600 997 736 1075; x_wconf 90' lang='lat' dir='ltr'>liquores</span> 
     </span>
    </p>

    <p class='ocr_par' dir='ltr' id='par_1_8' title="bbox 118 1097 854 1177">
     <span class='ocr_line' id='line_1_9' title="bbox 118 1097 854 1177; baseline 0 -19"><span class='ocrx_word' id='word_1_47' title='bbox 118 1097 257 1159; x_wconf 89' lang='lat' dir='ltr'>vestibus</span> <span class='ocrx_word' id='word_1_48' title='bbox 271 1109 303 1159; x_wconf 91' lang='lat' dir='ltr'>et</span> <span class='ocrx_word' id='word_1_49' title='bbox 317 1098 420 1176; x_wconf 88' lang='lat' dir='ltr'>capiti,</span> <span class='ocrx_word' id='word_1_50' title='bbox 438 1098 566 1159; x_wconf 89' lang='lat' dir='ltr'>flectunt</span> <span class='ocrx_word' id='word_1_51' title='bbox 581 1099 712 1177; x_wconf 87' lang='lat' dir='ltr'>vestigia</span> <span class='ocrx_word' id='word_1_52' title='bbox 726 1108 854 1159; x_wconf 88' lang='lat' dir='ltr'>sanctae</span> 
     </span>
    </p>

    <p class='ocr_par' dir='ltr' id='par_1_9' title="bbox 118 1198 789 1278">
     <span class='ocr_line' id='line_1_10' title="bbox 118 1198 789 1278; baseline 0.006 -21"><span class='ocrx_word' id='word_1_53' title='bbox 118 1198 158 1257; x_wconf 89' lang='lat' dir='ltr'>ad</span> <span class='ocrx_word' id='word_1_54' title='bbox 172 1198 301 1258; x_wconf 89' lang='lat' dir='ltr'>delubra</span> <span class='ocrx_word' id='word_1_55' title='bbox 315 1199 402 1273; x_wconf 89' lang='lat' dir='ltr'>deae,</span> <span class='ocrx_word' id='word_1_56' title='bbox 421 1219 551 1277; x_wconf 90' lang='lat' dir='ltr'>quorum</span> <span class='ocrx_word' id='word_1_57' title='bbox 566 1200 691 1277; x_wconf 81' lang='lat' dir='ltr'>fastigia</span> <span class='ocrx_word' id='word_1_58' title='bbox 707 1201 789 1278; x_wconf 88' lang='lat' dir='ltr'>turpi</span> 
     </span>
    </p>

    <p class='ocr_par' dir='ltr' id='par_1_10' title="bbox 117 1298 916 1379">
     <span class='ocr_line' id='line_1_11' title="bbox 117 1298 916 1379; baseline 0.001 -21"><span class='ocrx_word' id='word_1_59' title='bbox 117 1298 276 1376; x_wconf 90' lang='lat' dir='ltr'>pallebant</span> <span class='ocrx_word' id='word_1_60' title='bbox 290 1318 397 1360; x_wconf 91' lang='lat' dir='ltr'>musco</span> <span class='ocrx_word' id='word_1_61' title='bbox 412 1301 598 1378; x_wconf 84' lang='lat' dir='ltr'>stabantque</span> <span class='ocrx_word' id='word_1_62' title='bbox 614 1300 682 1360; x_wconf 88' lang='lat' dir='ltr'>sine</span> <span class='ocrx_word' id='word_1_63' title='bbox 698 1301 822 1379; x_wconf 87' lang='lat' dir='ltr'>ignibus</span> <span class='ocrx_word' id='word_1_64' title='bbox 837 1319 916 1360; x_wconf 89' lang='lat' dir='ltr'>arae.</span> 
     </span>
    </p>

    <p class='ocr_par' dir='ltr' id='par_1_11' title="bbox 118 1399 1117 1479">
     <span class='ocr_line' id='line_1_12' title="bbox 118 1399 1117 1479; baseline 0.003 -19"><span class='ocrx_word' id='word_1_65' title='bbox 118 1401 164 1460; x_wconf 92' lang='lat' dir='ltr'>Ut</span> <span class='ocrx_word' id='word_1_66' title='bbox 177 1399 284 1478; x_wconf 89' lang='lat' dir='ltr'>templi</span> <span class='ocrx_word' id='word_1_67' title='bbox 298 1400 427 1479; x_wconf 86' lang='lat' dir='ltr'>tetigere</span> <span class='ocrx_word' id='word_1_68' title='bbox 441 1401 565 1479; x_wconf 86' lang='lat' dir='ltr'>gradus,</span> <span class='ocrx_word' id='word_1_69' title='bbox 581 1401 757 1478; x_wconf 87' lang='lat' dir='ltr'>procumbit</span> <span class='ocrx_word' id='word_1_70' title='bbox 772 1411 900 1477; x_wconf 89' lang='lat' dir='ltr'>uterque</span> <span class='ocrx_word' id='word_1_71' title='bbox 1068 1415 1117 1468; x_wconf 87' lang='grc'>375</span> 
     </span>
    </p>

    <p class='ocr_par' dir='ltr' id='par_1_12' title="bbox 117 1501 965 1579">
     <span class='ocr_line' id='line_1_13' title="bbox 117 1501 965 1579; baseline 0.005 -21"><span class='ocrx_word' id='word_1_72' title='bbox 117 1519 233 1578; x_wconf 90' lang='lat' dir='ltr'>pronus</span> <span class='ocrx_word' id='word_1_73' title='bbox 248 1501 331 1572; x_wconf 90' lang='lat' dir='ltr'>humi</span> <span class='ocrx_word' id='word_1_74' title='bbox 345 1501 510 1579; x_wconf 85' lang='lat' dir='ltr'>gelidoque</span> <span class='ocrx_word' id='word_1_75' title='bbox 527 1520 644 1578; x_wconf 90' lang='lat' dir='ltr'>pavens</span> <span class='ocrx_word' id='word_1_76' title='bbox 660 1501 747 1562; x_wconf 93' lang='lat' dir='ltr'>dedit</span> <span class='ocrx_word' id='word_1_77' title='bbox 761 1501 868 1562; x_wconf 89' lang='lat' dir='ltr'>oscula</span> <span class='ocrx_word' id='word_1_78' title='bbox 882 1520 965 1562; x_wconf 88' lang='lat' dir='ltr'>saxo.</span> 
     </span>
    </p>

    <p class='ocr_par' dir='ltr' id='par_1_13' title="bbox 118 1600 973 1680">
     <span class='ocr_line' id='line_1_14' title="bbox 118 1600 973 1680; baseline 0 -19"><span class='ocrx_word' id='word_1_79' title='bbox 118 1604 221 1678; x_wconf 91' lang='lat' dir='ltr'>Atque</span> <span class='ocrx_word' id='word_1_80' title='bbox 238 1600 289 1675; x_wconf 85' lang='lat' dir='ltr'>ita,</span> <span class='ocrx_word' id='word_1_81' title='bbox 306 1602 358 1662; x_wconf 85' lang='lat' dir='ltr'>‘Si</span> <span class='ocrx_word' id='word_1_82' title='bbox 372 1601 536 1680; x_wconf 90' lang='lat' dir='ltr'>precibus‚&#39;</span> <span class='ocrx_word' id='word_1_83' title='bbox 554 1602 706 1672; x_wconf 80' lang='lat' dir='ltr'>dixerunt,</span> <span class='ocrx_word' id='word_1_84' title='bbox 725 1602 869 1660; x_wconf 82' lang='lat' dir='ltr'>‘numina</span> <span class='ocrx_word' id='word_1_85' title='bbox 884 1602 973 1661; x_wconf 91' lang='lat' dir='ltr'>iustis</span> 
     </span>
    </p>

    <p class='ocr_par' dir='ltr' id='par_1_14' title="bbox 117 1697 840 1775">
     <span class='ocr_line' id='line_1_15' title="bbox 117 1697 840 1775; baseline 0 -15"><span class='ocrx_word' id='word_1_86' title='bbox 117 1702 198 1762; x_wconf 88' lang='lat' dir='ltr'>victa</span> <span class='ocrx_word' id='word_1_87' title='bbox 213 1703 437 1775; x_wconf 89' lang='lat' dir='ltr'>remollescunt,</span> <span class='ocrx_word' id='word_1_88' title='bbox 455 1702 481 1762; x_wconf 92' lang='lat' dir='ltr'>si</span> <span class='ocrx_word' id='word_1_89' title='bbox 497 1701 629 1762; x_wconf 89' lang='lat' dir='ltr'>flectitur</span> <span class='ocrx_word' id='word_1_90' title='bbox 644 1697 688 1760; x_wconf 85' lang='lat' dir='ltr'>ira</span> <span class='ocrx_word' id='word_1_91' title='bbox 704 1703 840 1774; x_wconf 88' lang='lat' dir='ltr'>deorum,</span> 
     </span>
    </p>

    <p class='ocr_par' dir='ltr' id='par_1_15' title="bbox 117 1801 990 1881">
     <span class='ocr_line' id='line_1_16' title="bbox 117 1801 990 1881; baseline -0.002 -20"><span class='ocrx_word' id='word_1_92' title='bbox 117 1801 177 1876; x_wconf 88' lang='lat' dir='ltr'>dic,</span> <span class='ocrx_word' id='word_1_93' title='bbox 194 1801 313 1876; x_wconf 88' lang='lat' dir='ltr'>Themi,</span> <span class='ocrx_word' id='word_1_94' title='bbox 330 1821 391 1881; x_wconf 91' lang='lat' dir='ltr'>qua</span> <span class='ocrx_word' id='word_1_95' title='bbox 405 1802 528 1881; x_wconf 88' lang='lat' dir='ltr'>generis</span> <span class='ocrx_word' id='word_1_96' title='bbox 544 1803 691 1862; x_wconf 90' lang='lat' dir='ltr'>damnum</span> <span class='ocrx_word' id='word_1_97' title='bbox 707 1801 879 1878; x_wconf 87' lang='lat' dir='ltr'>reparabile</span> <span class='ocrx_word' id='word_1_98' title='bbox 894 1802 990 1861; x_wconf 89' lang='lat' dir='ltr'>nostri</span> 
     </span>
    </p>

    <p class='ocr_par' dir='ltr' id='par_1_16' title="bbox 117 1900 1116 2080">
     <span class='ocr_line' id='line_1_17' title="bbox 117 1900 1116 1980; baseline -0.001 -19"><span class='ocrx_word' id='word_1_99' title='bbox 117 1911 182 1962; x_wconf 85' lang='lat' dir='ltr'>arte</span> <span class='ocrx_word' id='word_1_100' title='bbox 197 1902 246 1976; x_wconf 89' lang='lat' dir='ltr'>sit,</span> <span class='ocrx_word' id='word_1_101' title='bbox 262 1912 294 1963; x_wconf 95' lang='lat' dir='ltr'>et</span> <span class='ocrx_word' id='word_1_102' title='bbox 309 1903 417 1964; x_wconf 90' lang='lat' dir='ltr'>mersis</span> <span class='ocrx_word' id='word_1_103' title='bbox 431 1904 478 1964; x_wconf 83' lang='lat' dir='ltr'>ier</span> <span class='ocrx_word' id='word_1_104' title='bbox 493 1921 592 1980; x_wconf 89' lang='lat' dir='ltr'>opem,</span> <span class='ocrx_word' id='word_1_105' title='bbox 610 1900 780 1975; x_wconf 90' lang='lat' dir='ltr'>mitissima,</span> <span class='ocrx_word' id='word_1_106' title='bbox 797 1901 908 1961; x_wconf 66' lang='lat' dir='ltr'>rebus!</span> <span class='ocrx_word' id='word_1_107' title='bbox 1066 1901 1116 1967; x_wconf 82' lang='lat'>380</span> 
     </span>
     <span class='ocr_line' id='line_1_18' title="bbox 160 2001 1032 2080; baseline 0.001 -19"><span class='ocrx_word' id='word_1_108' title='bbox 160 2004 248 2062; x_wconf 89' lang='lat' dir='ltr'>Mota</span> <span class='ocrx_word' id='word_1_109' title='bbox 269 2003 327 2063; x_wconf 90' lang='lat' dir='ltr'>dea</span> <span class='ocrx_word' id='word_1_110' title='bbox 342 2013 390 2064; x_wconf 92' lang='lat' dir='ltr'>est</span> <span class='ocrx_word' id='word_1_111' title='bbox 405 2013 579 2080; x_wconf 90' lang='lat' dir='ltr'>sortemque</span> <span class='ocrx_word' id='word_1_112' title='bbox 595 2002 698 2062; x_wconf 91' lang='lat' dir='ltr'>dedit:</span> <span class='ocrx_word' id='word_1_113' title='bbox 724 2001 900 2062; x_wconf 89' lang='lat' dir='ltr'>‘Discedite</span> <span class='ocrx_word' id='word_1_114' title='bbox 916 2004 1032 2079; x_wconf 92' lang='lat' dir='ltr'>templo</span> 
     </span>
    </p>

    <p class='ocr_par' dir='ltr' id='par_1_17' title="bbox 116 2102 847 2182">
     <span class='ocr_line' id='line_1_19' title="bbox 116 2102 847 2182; baseline 0 -20"><span class='ocrx_word' id='word_1_115' title='bbox 116 2112 148 2163; x_wconf 92' lang='lat' dir='ltr'>et</span> <span class='ocrx_word' id='word_1_116' title='bbox 163 2103 262 2164; x_wconf 90' lang='lat' dir='ltr'>velate</span> <span class='ocrx_word' id='word_1_117' title='bbox 278 2113 372 2182; x_wconf 88' lang='lat' dir='ltr'>caput</span> <span class='ocrx_word' id='word_1_118' title='bbox 387 2103 568 2181; x_wconf 87' lang='lat' dir='ltr'>cinctasque</span> <span class='ocrx_word' id='word_1_119' title='bbox 584 2102 729 2164; x_wconf 90' lang='lat' dir='ltr'>resolvite</span> <span class='ocrx_word' id='word_1_120' title='bbox 744 2112 847 2163; x_wconf 92' lang='lat' dir='ltr'>vestes</span> 
     </span>
    </p>

    <p class='ocr_par' dir='ltr' id='par_1_18' title="bbox 115 2202 917 2382">
     <span class='ocr_line' id='line_1_20' title="bbox 115 2202 917 2282; baseline -0.001 -19"><span class='ocrx_word' id='word_1_121' title='bbox 115 2222 250 2280; x_wconf 89' lang='lat' dir='ltr'>ossaque</span> <span class='ocrx_word' id='word_1_122' title='bbox 265 2213 336 2282; x_wconf 92' lang='lat' dir='ltr'>post</span> <span class='ocrx_word' id='word_1_123' title='bbox 351 2213 469 2282; x_wconf 80' lang='lat' dir='ltr'>tergum</span> <span class='ocrx_word' id='word_1_124' title='bbox 486 2222 617 2282; x_wconf 86' lang='lat' dir='ltr'>magnae</span> <span class='ocrx_word' id='word_1_125' title='bbox 633 2203 745 2264; x_wconf 90' lang='lat' dir='ltr'>iactate</span> <span class='ocrx_word' id='word_1_126' title='bbox 760 2202 917 2280; x_wconf 88' lang='lat' dir='ltr'>parentis.’</span> 
     </span>
     <span class='ocr_line' id='line_1_21' title="bbox 158 2303 845 2382; baseline -0.001 -18"><span class='ocrx_word' id='word_1_127' title='bbox 158 2303 344 2382; x_wconf 88' lang='lat' dir='ltr'>Obstipuere</span> <span class='ocrx_word' id='word_1_128' title='bbox 360 2304 422 2378; x_wconf 89' lang='lat' dir='ltr'>diu,</span> <span class='ocrx_word' id='word_1_129' title='bbox 439 2304 614 2382; x_wconf 90' lang='lat' dir='ltr'>rumpitque</span> <span class='ocrx_word' id='word_1_130' title='bbox 630 2303 754 2364; x_wconf 89' lang='lat' dir='ltr'>silentia</span> <span class='ocrx_word' id='word_1_131' title='bbox 769 2321 845 2364; x_wconf 90' lang='lat' dir='ltr'>voce</span> 
     </span>
    </p>

    <p class='ocr_par' dir='ltr' id='par_1_19' title="bbox 117 2402 1114 2483">
     <span class='ocr_line' id='line_1_22' title="bbox 117 2402 1114 2483; baseline 0.005 -20"><span class='ocrx_word' id='word_1_132' title='bbox 117 2404 233 2483; x_wconf 89' lang='lat' dir='ltr'>Pyrrha</span> <span class='ocrx_word' id='word_1_133' title='bbox 248 2405 331 2481; x_wconf 91' lang='lat' dir='ltr'>prior</span> <span class='ocrx_word' id='word_1_134' title='bbox 345 2404 499 2482; x_wconf 90' lang='lat' dir='ltr'>iussisque</span> <span class='ocrx_word' id='word_1_135' title='bbox 514 2404 591 2465; x_wconf 87' lang='lat' dir='ltr'>deae</span> <span class='ocrx_word' id='word_1_136' title='bbox 606 2423 714 2481; x_wconf 86' lang='lat' dir='ltr'>parere</span> <span class='ocrx_word' id='word_1_137' title='bbox 730 2413 861 2477; x_wconf 83' lang='lat' dir='ltr'>recusat,</span> <span class='ocrx_word' id='word_1_138' title='bbox 1066 2402 1114 2472; x_wconf 80' lang='lat'>385</span> 
     </span>
    </p>

    <p class='ocr_par' dir='ltr' id='par_1_20' title="bbox 116 2504 933 2583">
     <span class='ocr_line' id='line_1_23' title="bbox 116 2504 933 2583; baseline -0.001 -19"><span class='ocrx_word' id='word_1_139' title='bbox 116 2505 230 2581; x_wconf 92' lang='lat' dir='ltr'>detque</span> <span class='ocrx_word' id='word_1_140' title='bbox 246 2504 305 2564; x_wconf 92' lang='lat' dir='ltr'>sibi</span> <span class='ocrx_word' id='word_1_141' title='bbox 320 2505 452 2579; x_wconf 88' lang='lat' dir='ltr'>veniam,</span> <span class='ocrx_word' id='word_1_142' title='bbox 469 2505 583 2582; x_wconf 88' lang='lat' dir='ltr'>pavido</span> <span class='ocrx_word' id='word_1_143' title='bbox 598 2514 686 2583; x_wconf 86' lang='lat' dir='ltr'>rogat</span> <span class='ocrx_word' id='word_1_144' title='bbox 701 2522 763 2577; x_wconf 85' lang='lat' dir='ltr'>ore,</span> <span class='ocrx_word' id='word_1_145' title='bbox 779 2512 933 2582; x_wconf 90' lang='lat' dir='ltr'>pavetque</span> 
     </span>
    </p>

    <p class='ocr_par' dir='ltr' id='par_1_21' title="bbox 115 2603 832 2665">
     <span class='ocr_line' id='line_1_24' title="bbox 115 2603 832 2665; baseline 0 -3"><span class='ocrx_word' id='word_1_146' title='bbox 115 2605 237 2665; x_wconf 91' lang='lat' dir='ltr'>laedere</span> <span class='ocrx_word' id='word_1_147' title='bbox 253 2604 375 2664; x_wconf 89' lang='lat' dir='ltr'>iactatis</span> <span class='ocrx_word' id='word_1_148' title='bbox 391 2615 545 2665; x_wconf 89' lang='lat' dir='ltr'>maternas</span> <span class='ocrx_word' id='word_1_149' title='bbox 561 2605 685 2665; x_wconf 90' lang='lat' dir='ltr'>ossibus</span> <span class='ocrx_word' id='word_1_150' title='bbox 700 2603 832 2665; x_wconf 90' lang='lat' dir='ltr'>umbras.</span> 
     </span>
    </p>

    <p class='ocr_par' dir='ltr' id='par_1_22' title="bbox 115 2698 803 2782">
     <span class='ocr_line' id='line_1_25' title="bbox 115 2698 803 2782; baseline 0.003 -19"><span class='ocrx_word' id='word_1_151' title='bbox 115 2706 240 2764; x_wconf 89' lang='lat' dir='ltr'>Interea</span> <span class='ocrx_word' id='word_1_152' title='bbox 255 2715 398 2782; x_wconf 90' lang='lat' dir='ltr'>repetunt</span> <span class='ocrx_word' id='word_1_153' title='bbox 412 2704 514 2766; x_wconf 88' lang='lat' dir='ltr'>caecis</span> <span class='ocrx_word' id='word_1_154' title='bbox 529 2698 662 2765; x_wconf 91' lang='lat' dir='ltr'>obscura</span> <span class='ocrx_word' id='word_1_155' title='bbox 676 2705 803 2765; x_wconf 89' lang='lat' dir='ltr'>latebris</span> 
     </span>
    </p>

    <p class='ocr_par' dir='ltr' id='par_1_23' title="bbox 114 2804 913 2882">
     <span class='ocr_line' id='line_1_26' title="bbox 114 2804 913 2882; baseline 0.001 -19"><span class='ocrx_word' id='word_1_156' title='bbox 114 2807 209 2866; x_wconf 88' lang='lat' dir='ltr'>verba</span> <span class='ocrx_word' id='word_1_157' title='bbox 223 2806 316 2865; x_wconf 89' lang='lat' dir='ltr'>datae</span> <span class='ocrx_word' id='word_1_158' title='bbox 331 2806 423 2866; x_wconf 92' lang='lat' dir='ltr'>sortis</span> <span class='ocrx_word' id='word_1_159' title='bbox 438 2825 543 2866; x_wconf 89' lang='lat' dir='ltr'>secum</span> <span class='ocrx_word' id='word_1_160' title='bbox 559 2805 639 2865; x_wconf 91' lang='lat' dir='ltr'>inter</span> <span class='ocrx_word' id='word_1_161' title='bbox 654 2824 748 2882; x_wconf 93' lang='lat' dir='ltr'>seque</span> <span class='ocrx_word' id='word_1_162' title='bbox 764 2804 913 2865; x_wconf 88' lang='lat' dir='ltr'>volutant.</span> 
     </span>
    </p>

    <p class='ocr_par' dir='ltr' id='par_1_24' title="bbox 115 2905 1112 2983">
     <span class='ocr_line' id='line_1_27' title="bbox 115 2905 1112 2983; baseline 0.001 -18"><span class='ocrx_word' id='word_1_163' title='bbox 115 2906 209 2965; x_wconf 92' lang='lat' dir='ltr'>Unde</span> <span class='ocrx_word' id='word_1_164' title='bbox 226 2906 439 2966; x_wconf 91' lang='lat' dir='ltr'>Promethides</span> <span class='ocrx_word' id='word_1_165' title='bbox 454 2905 585 2983; x_wconf 89' lang='lat' dir='ltr'>placidis</span> <span class='ocrx_word' id='word_1_166' title='bbox 601 2905 798 2981; x_wconf 90' lang='lat' dir='ltr'>Epimethida</span> <span class='ocrx_word' id='word_1_167' title='bbox 814 2905 905 2965; x_wconf 92' lang='lat' dir='ltr'>dictis</span> <span class='ocrx_word' id='word_1_168' title='bbox 1064 2917 1112 2968; x_wconf 90' lang='lat'>390</span> 
     </span>
    </p>

    <p class='ocr_par' dir='ltr' id='par_1_25' title="bbox 113 3004 930 3080">
     <span class='ocr_line' id='line_1_28' title="bbox 113 3004 930 3080; baseline 0 -16"><span class='ocrx_word' id='word_1_169' title='bbox 113 3006 229 3066; x_wconf 90' lang='lat' dir='ltr'>mulcet</span> <span class='ocrx_word' id='word_1_170' title='bbox 243 3015 283 3079; x_wconf 89' lang='lat' dir='ltr'>et,</span> <span class='ocrx_word' id='word_1_171' title='bbox 301 3009 382 3066; x_wconf 67' lang='lat' dir='ltr'>&lt;Aut</span> <span class='ocrx_word' id='word_1_172' title='bbox 396 3007 510 3079; x_wconf 83' lang='lat' dir='ltr'>lallax,’</span> <span class='ocrx_word' id='word_1_173' title='bbox 527 3007 578 3080; x_wconf 89' lang='lat' dir='ltr'>ait,</span> <span class='ocrx_word' id='word_1_174' title='bbox 597 3014 664 3066; x_wconf 88' lang='lat' dir='ltr'>‘est</span> <span class='ocrx_word' id='word_1_175' title='bbox 679 3005 815 3066; x_wconf 88' lang='lat' dir='ltr'>sollertia</span> <span class='ocrx_word' id='word_1_176' title='bbox 830 3004 930 3077; x_wconf 87' lang='lat' dir='ltr'>nobis,</span> 
     </span>
    </p>

    <p class='ocr_par' dir='ltr' id='par_1_26' title="bbox 113 3105 916 3184">
     <span class='ocr_line' id='line_1_29' title="bbox 113 3105 916 3184; baseline -0.002 -18"><span class='ocrx_word' id='word_1_177' title='bbox 113 3115 167 3166; x_wconf 86' lang='lat' dir='ltr'>aut</span> <span class='ocrx_word' id='word_1_178' title='bbox 181 3107 234 3183; x_wconf 91' lang='lat' dir='ltr'>pia</span> <span class='ocrx_word' id='word_1_179' title='bbox 249 3115 321 3166; x_wconf 90' lang='lat' dir='ltr'>sunt</span> <span class='ocrx_word' id='word_1_180' title='bbox 336 3107 515 3184; x_wconf 89' lang='lat' dir='ltr'>nullumque</span> <span class='ocrx_word' id='word_1_181' title='bbox 532 3107 619 3166; x_wconf 75' lang='lat' dir='ltr'>netas</span> <span class='ocrx_word' id='word_1_182' title='bbox 634 3105 760 3167; x_wconf 88' lang='lat' dir='ltr'>oracula</span> <span class='ocrx_word' id='word_1_183' title='bbox 775 3106 916 3164; x_wconf 88' lang='lat' dir='ltr'>suadent.</span> 
     </span>
    </p>

    <p class='ocr_par' dir='ltr' id='par_1_27' title="bbox 113 3206 965 3285">
     <span class='ocr_line' id='line_1_30' title="bbox 113 3206 965 3285; baseline -0.001 -20"><span class='ocrx_word' id='word_1_184' title='bbox 113 3207 233 3285; x_wconf 88' lang='lat' dir='ltr'>Magna</span> <span class='ocrx_word' id='word_1_185' title='bbox 247 3226 360 3284; x_wconf 88' lang='lat' dir='ltr'>parens</span> <span class='ocrx_word' id='word_1_186' title='bbox 375 3216 455 3268; x_wconf 89' lang='lat' dir='ltr'>terra</span> <span class='ocrx_word' id='word_1_187' title='bbox 471 3216 526 3280; x_wconf 90' lang='lat' dir='ltr'>est,</span> <span class='ocrx_word' id='word_1_188' title='bbox 543 3206 661 3283; x_wconf 87' lang='lat' dir='ltr'>lapides</span> <span class='ocrx_word' id='word_1_189' title='bbox 677 3207 709 3264; x_wconf 90' lang='lat' dir='ltr'>in</span> <span class='ocrx_word' id='word_1_190' title='bbox 724 3223 851 3281; x_wconf 88' lang='lat' dir='ltr'>corpore</span> <span class='ocrx_word' id='word_1_191' title='bbox 867 3214 965 3264; x_wconf 87' lang='lat' dir='ltr'>terrae</span> 
     </span>
    </p>

    <p class='ocr_par' dir='ltr' id='par_1_28' title="bbox 112 3305 918 3383">
     <span class='ocr_line' id='line_1_31' title="bbox 112 3305 918 3383; baseline -0.006 -16"><span class='ocrx_word' id='word_1_192' title='bbox 112 3325 186 3367; x_wconf 88' lang='lat' dir='ltr'>ossa</span> <span class='ocrx_word' id='word_1_193' title='bbox 200 3325 269 3367; x_wconf 88' lang='lat' dir='ltr'>reor</span> <span class='ocrx_word' id='word_1_194' title='bbox 284 3307 363 3380; x_wconf 82' lang='lat' dir='ltr'>dici3</span> <span class='ocrx_word' id='word_1_195' title='bbox 386 3308 485 3367; x_wconf 88' lang='lat' dir='ltr'>iacere</span> <span class='ocrx_word' id='word_1_196' title='bbox 501 3309 558 3366; x_wconf 94' lang='lat' dir='ltr'>hos</span> <span class='ocrx_word' id='word_1_197' title='bbox 572 3317 643 3383; x_wconf 94' lang='lat' dir='ltr'>post</span> <span class='ocrx_word' id='word_1_198' title='bbox 658 3316 743 3383; x_wconf 85' lang='lat' dir='ltr'>terga</span> <span class='ocrx_word' id='word_1_199' title='bbox 759 3305 918 3364; x_wconf 68' lang='lat' dir='ltr'>iubemur!</span> 
     </span>
    </p>
   </div>
   <div class='ocr_carea' id='block_1_3' title="bbox 0 0 1256 3682">
    <p class='ocr_par' dir='ltr' id='par_1_29' title="bbox 0 0 1256 3682">
     <span class='ocr_line' id='line_1_32' title="bbox 0 0 1256 3682; baseline 0 2"><span class='ocrx_word' id='word_1_200' title='bbox 0 0 1256 3682; x_wconf 95' lang='lat' dir='ltr'> </span> 
     </span>
    </p>
   </div>
  </div>
 </body>
</html>
