2504 3682
149 192 181 244 ⁵2
366 191 732 241 METAMORPHOSEON
751 191 787 240 11.
822 202 925 242 lot-50&

149 359 306 438 perspicit.
349 359 502 420 Arcadiae
517 369 621 420 tamen
637 369 685 420 est
699 359 867 436 impensior
881 358 924 418 illi

149 479 223 519 cura
237 479 319 519 suae.
365 462 480 519 Fontes
495 470 526 518 et
541 461 679 519 nondum
695 460 841 519 audentia
856 459 918 518 labi

149 560 277 620 flumin·
291 559 432 632 restituit,
450 560 503 618 dat
517 568 616 618 terrae
631 560 778 637 gramina,
795 561 921 619 frondes

150 660 318 733 arboribus,
336 660 497 736 laesasque
513 660 598 719 iubet
612 660 797 719 revirescere
812 659 913 719 silvas.

189 929 320 1000 (Jupiter
338 927 425 980 loved
440 927 486 981 tlte
503 927 611 997 nymph
628 928 757 992 Callisto,
772 927 866 981 whom
882 927 917 980 lte
929 945 992 981 saw
1005 929 1037 981 in
1051 929 1078 981 Α
1083 945 1141 981 rca-

150 1019 209 1072 dia.
246 1021 327 1084 suno
340 1019 449 1084 became
462 1036 555 1089 angry
566 1019 630 1071 and
639 1019 820 1072 determined
825 1027 854 1072 to
868 1020 980 1088 destroy
993 1021 1113 1074 Callisto
1121 1021 1142 1072 's

150 1112 274 1184 beauty.)

194 1254 280 1313 Dixit
295 1263 326 1314 et
341 1254 471 1314 adversa
485 1254 606 1331 prensis
621 1272 639 1313 a
654 1255 756 1314 fronte
773 1255 891 1332 capillis

151 1354 260 1414 stravit
275 1354 359 1413 humi
374 1373 511 1431 pronam.
556 1355 720 1414 Tendebat
735 1356 880 1414 bracchia
896 1357 1041 1432 supplex:

151 1454 296 1515 bracchia
311 1466 479 1540 coeperunt
495 1454 590 1532 nigris
605 1455 782 1515 horrescere
798 1456 886 1528 villis,

152 1555 332 1632 curvarique
348 1575 458 1615 manus
473 1566 504 1615 et
520 1556 657 1615 aduncos
673 1575 810 1616 crescere
827 1556 858 1614 in
873 1575 991 1634 ungues

151 1657 315 1732 officioque
331 1657 445 1732 pedum
460 1656 557 1733 fungi,
574 1657 761 1733 laudataque
777 1657 932 1732 quondam

152 1775 205 1816 ora
222 1756 289 1816 Iovi
304 1756 367 1816 lato
382 1756 448 1816 fieri
463 1757 614 1816 deformia
629 1757 714 1816 rictu.

153 1859 240 1917 Neve
255 1876 364 1934 preces
379 1857 499 1916 animos
514 1862 545 1916 et
559 1857 653 1916 verba
669 1857 827 1934 precantia
841 1857 976 1930 flectant,

151 1977 244 2034 posse
260 1957 344 2035 loqui
360 1958 496 2035 eripitur,
513 1976 573 2017 vox
587 1957 735 2017 iracunda
751 1957 915 2034 minaxque

151 2059 305 2134 plenaque
320 2057 443 2117 terroris
458 2076 552 2144 rauco
568 2058 606 2130 de
620 2067 744 2134 gutture
759 2059 862 2117 fertur.

153 2159 245 2217 Mens
261 2158 388 2234 antiqua
403 2168 504 2217 tamen
520 2159 603 2216 facta
619 2177 741 2234 quoque
757 2158 870 2218 mansit
885 2158 916 2217 in
932 2177 1010 2232 ursa,

153 2257 345 2334 adsiduoque
360 2277 434 2317 suos
447 2259 563 2335 gemitu
578 2267 690 2317 testata
706 2258 828 2317 dolores

153 2358 392 2435 qualescumque
409 2377 518 2417 manus
534 2359 574 2418 ad
589 2359 708 2417 caelum
724 2368 755 2417 et
770 2359 872 2417 sidera
886 2359 965 2418 tollit

153 2459 367 2536 ingratumque
384 2462 498 2533 Iovem,
516 2470 649 2536 nequeat
663 2479 731 2519 curn
749 2460 860 2533 dicere,
877 2459 979 2519 sentit.

153 2559 203 2618 Ah
219 2559 371 2636 quotiens,
388 2561 455 2619 sola
470 2579 531 2619 non
549 2579 624 2618 ausa
640 2560 798 2636 quiescere
814 2561 899 2632 silva,

153 2669 226 2719 ante
240 2661 365 2719 domum
381 2661 601 2736 quondamque
616 2660 680 2719 suis
696 2661 806 2720 erravit
821 2661 853 2718 in
869 2660 966 2737 agris!

154 2761 203 2819 Ah
220 2760 362 2836 quotiens
378 2780 432 2837 per
447 2780 521 2819 saxa
537 2780 648 2820 canum
664 2761 824 2820 latratibus
841 2770 909 2818 acta
924 2769 970 2818 est

153 2861 353 2937 venatrixque
369 2871 452 2920 metu
467 2871 633 2921 venantum
649 2861 753 2920 territa
768 2861 846 2938 fugit
859 2865 865 2920 l

156 2962 254 3037 Saepe
269 2961 343 3021 feris
358 2961 447 3020 latuit
463 2961 547 3034 visis,
563 2961 659 3019 oblita
674 2961 749 3037 quid
765 2969 856 3034 esset,

154 3079 287 3138 ursaque
303 3071 487 3139 conspectos
502 3061 533 3118 in
550 3062 706 3120 montibus
722 3061 839 3120 horruit
854 3080 951 3132 ursos,

154 3161 371 3236 pertimuitque
386 3162 484 3237 lupos,
503 3161 642 3236 quamvis
658 3171 745 3237 pater
759 3171 842 3220 esset
858 3161 888 3218 in
904 3161 973 3219 illis.

198 3263 286 3331 Ecce,
305 3260 478 3338 Lycaoniae
494 3261 605 3336 proles,
622 3262 728 3336 ignara
744 3261 888 3336 parentis,
