2504 3682
193 190 210 241 2
488 189 670 240 TRISTIUM
696 189 742 238 lv.
766 201 792 238 x.
811 198 887 241 19-78.

195 366 227 416 at
242 357 317 415 mihi
332 357 392 415 iam
408 375 504 433 puero
520 357 665 416 caelestia
681 375 768 415 sacra
783 358 958 432 placebant,

237 457 330 534 inque
346 476 435 515 suum
451 455 556 514 iurtim
572 457 665 515 Musa
680 457 821 516 trahebat
837 477 924 534 opus,

196 559 295 634 Saepe
310 567 398 634 pater
413 555 498 628 dixit,
518 556 677 616 ‘Studium
695 556 770 632 quid
786 557 893 616 inutile
910 563 1062 634 temptas?

237 657 422 718 Maeonides
438 657 538 717 nullas
554 659 620 734 ipse
635 657 758 733 reliquit
773 659 868 733 opes!

196 760 302 818 Motus
316 778 399 819 eram
414 757 512 830 dictis,
531 767 658 835 totoque
676 758 830 818 Helicone
846 759 952 817 relicto

236 860 369 919 scribere
385 859 576 935 temptabam
592 859 686 917 verba
702 859 803 918 soluta
818 858 926 918 modis

196 962 311 1036 Sponte
328 979 383 1019 sua
398 979 522 1019 carmen
539 977 682 1018 numeros
699 959 843 1019 veniebat
857 961 897 1018 ad
912 969 1010 1037 aptos,

236 1069 267 1120 et
282 1063 366 1136 quod
381 1061 570 1137 temptabam
587 1058 729 1132 scribere,
746 1079 853 1119 versus
869 1070 943 1120 erat.

195 1163 318 1221 Interea
333 1161 428 1220 tacito
444 1180 538 1238 passu
554 1161 730 1220 labentibus
746 1161 835 1220 annis

235 1261 359 1320 liberior
373 1262 459 1322 fratri
475 1272 597 1338 sumpta
615 1261 751 1339 mihique
766 1271 839 1339 toga
854 1272 909 1335 est,

194 1362 391 1439 induiturque
408 1362 519 1422 umeris
535 1382 604 1422 cum
621 1364 684 1422 lato
700 1382 834 1439 purpura
849 1363 944 1436 clavo,

235 1472 266 1522 et
281 1463 416 1524 studium
432 1463 521 1522 nobis
538 1463 621 1540 quod
636 1463 695 1522 fuit
711 1473 792 1535 ante,
809 1472 921 1523 manet.

195 1566 322 1641 Iamque
338 1565 445 1624 decem
461 1566 542 1627 vitae
557 1567 650 1625 frater
667 1565 876 1643 geminaverat
891 1585 998 1639 annos,

235 1685 304 1724 cum
320 1666 407 1742 perit,
426 1676 457 1726 et
472 1666 560 1744 coepi
576 1676 663 1744 parte
679 1685 782 1726 carere
798 1666 867 1726 mei.

195 1765 342 1842 Cepimus
358 1775 389 1826 et
403 1777 527 1826 tenerae
543 1767 658 1844 primos
674 1767 784 1826 aetatis
800 1768 942 1840 honores,

235 1885 314 1942 eque
329 1867 401 1926 viris
417 1869 573 1943 quondam
589 1888 660 1945 pars
676 1867 773 1927 tribus
789 1887 850 1927 una
865 1868 918 1926 fui.

195 1967 289 2025 Curia
303 1968 448 2028 restabat.
493 1969 581 2027 Clavi
597 1987 739 2027 mensura
754 1977 862 2027 coacta
878 1977 943 2040 est3

236 2066 334 2125 maius
350 2077 415 2126 erat
430 2067 544 2126 nostris
559 2067 674 2127 viribus
690 2067 764 2128 illud
780 2087 866 2126 onus

195 2169 261 2225 Nec
278 2166 398 2242 patiens
415 2187 536 2244 corpus,
554 2187 611 2226 nec
627 2187 715 2226 mens
730 2167 787 2226 fuit
804 2177 876 2244 apta
891 2167 998 2239 labori,

236 2266 447 2344 sollicitaeque
462 2269 556 2346 fugax
572 2267 748 2327 ambitionis
765 2287 855 2326 eram.

196 2369 234 2426 Et
248 2377 354 2442 petere
369 2369 489 2428 Aoniae
505 2370 676 2430 suadebant
692 2377 758 2427 tuta
773 2387 893 2428 sorores

235 2467 307 2541 otia,
324 2467 437 2528 iudicio
453 2488 573 2546 semper
589 2479 691 2528 amata
705 2487 783 2528 meo.

194 2569 356 2645 Temporis
371 2569 452 2628 illius
468 2571 548 2629 colui
562 2570 688 2646 fovique
704 2579 820 2645 poetas,
837 2572 838 2576 ’

236 2679 372 2746 quotque
389 2671 517 2730 aderant
532 2680 627 2742 vates
644 2672 733 2730 rebar
748 2670 858 2729 adesse
874 2671 958 2730 deos,

197 2771 296 2846 Saepe
312 2788 384 2828 suas
400 2771 540 2829 volucres
556 2771 630 2848 legit
645 2771 719 2828 mihi
734 2769 879 2847 grandior
894 2789 979 2842 aevo,

238 2889 378 2946 quaeque
395 2880 486 2930 nocet
502 2889 639 2947 serpens,
658 2891 737 2947 quae
753 2870 836 2930 iuvat
852 2872 955 2944 herba,
975 2872 1090 2929 Macer.

197 2970 296 3046 Saepe
312 2989 385 3029 suos
401 2971 509 3030 solitus
525 2971 653 3030 recitare
670 2970 847 3047 Propertius
863 2971 951 3048 ignes

236 3069 301 3129 iure
317 3070 466 3144 sodalicii,
483 3090 545 3147 quo
561 3071 635 3128 mihi
651 3071 773 3131 iunctus
789 3081 862 3130 erat.

196 3169 344 3229 Ponticus
360 3171 462 3244 heroo,
481 3173 596 3230 Bassus
612 3191 735 3248 quoque
751 3173 850 3231 clarus
867 3171 977 3230 iambis

237 3269 339 3328 dulcia
354 3271 514 3330 convictus
530 3273 667 3331 membra
681 3273 767 3332 fuere
783 3272 851 3331 mei.
