2504 3682
479 259 708 308 DEUCALION.
1064 255 1096 306 19

96 425 180 484 unda
194 426 278 486 vehit
293 426 395 503 tigres.
442 428 509 487 Nec
524 427 604 486 vires
619 426 757 486 fulminis
772 445 857 503 apro,
1047 434 1095 488 305

97 546 185 586 crura
200 545 258 586 nec
273 526 378 586 ablato
393 535 524 604 prosunt
538 527 656 587 velocia
671 545 770 587 cervo.

98 626 318 704 Quaesitisque
333 626 387 686 diu
401 627 499 700 terris,
516 628 569 687 ubi
586 626 694 687 sistere
711 628 808 699 detur,

98 728 129 786 in
145 746 228 788 mare
243 727 368 787 lassatis
383 727 516 788 volucris
531 746 612 805 vaga
628 727 744 787 decidit
760 726 825 786 alis.

98 828 252 888 Obruerat
267 827 401 888 tumulos
417 827 568 887 immensa
584 827 710 886 licentia
724 828 820 904 ponti,

97 928 325 1005 pulsabantque
341 928 412 988 novi
428 938 574 988 montana
589 927 750 988 cacumina
764 926 885 986 fluctus.
1048 938 1096 990 310

100 1028 238 1088 Maxima
253 1048 324 1105 pars
339 1030 423 1089 unda
439 1029 573 1105 rapitur,
597 1028 710 1105 quibus
726 1027 809 1086 unda
825 1026 971 1104 pepercit,

98 1130 169 1189 illos
184 1130 277 1207 longa
291 1130 418 1189 domant
433 1129 517 1207 inopi
533 1128 648 1188 ieiunia
663 1128 755 1188 victu.

142 1231 272 1306 Separat
287 1230 406 1290 Aonios
422 1229 547 1290 Oetaeis
565 1229 678 1288 Phocis
692 1229 733 1288 ab
749 1227 839 1301 arvis,

98 1341 181 1391 terra
194 1331 288 1404 ferax,
306 1331 379 1389 dum
394 1340 475 1390 terra
489 1328 556 1389 fuit.
603 1330 664 1389 Sed
680 1339 817 1406 tempore
833 1329 864 1387 in
880 1328 932 1388 illo

99 1450 173 1507 pars
188 1430 279 1489 maris
295 1439 326 1490 et
340 1432 421 1490 latus
437 1430 609 1491 subitarum
624 1448 752 1506 campus
768 1449 925 1506 aquarum.
1050 1440 1099 1494 315

101 1533 197 1590 Mons
213 1530 256 1589 ibi
270 1531 437 1592 verticibus
451 1531 530 1608 petit
545 1531 658 1590 arduus
674 1539 756 1590 astra
772 1530 903 1602 duobus

100 1631 226 1690 nomine
243 1633 407 1705 Parnasus,
424 1641 633 1708 superantque
649 1631 811 1691 cacumina
826 1630 934 1690 nubes

103 1730 168 1789 Hic
181 1731 234 1792 ubi
251 1732 432 1805 Deucalion,
449 1751 521 1790 nam
537 1741 639 1791 cetera
654 1740 772 1791 texerat
787 1749 910 1806 aequor,

101 1851 171 1890 cum
187 1842 328 1892 consorte
344 1833 402 1893 tori
418 1851 513 1909 parva
528 1842 593 1892 rate
609 1842 716 1891 vectus
733 1831 881 1903 adhaesit,

102 1932 273 2010 Corycidas
288 1933 441 2012 nymphas
456 1943 487 1992 et
503 1932 630 1992 numina
645 1931 758 1992 montis
775 1931 905 1990 adorant
1053 1943 1101 1993 3²0

100 2032 323 2108 fatidicamque
338 2033 480 2107 Themin,
497 2052 577 2110 quae
591 2043 666 2092 tunc
681 2032 785 2092 oracla
800 2032 935 2091 tenebat.

102 2137 175 2193 Non
190 2132 242 2192 illo
258 2133 364 2193 melior
380 2134 544 2211 quisquam
559 2153 618 2194 nec
632 2132 785 2192 amantior
800 2131 890 2208 aequi

100 2235 147 2293 vir
162 2226 229 2306 iuit,
245 2244 298 2293 aut
314 2234 365 2293 illa
381 2234 566 2295 metuentior
582 2233 644 2293 ulla
658 2235 794 2294 deorum.

144 2332 284 2410 Iuppiter
299 2344 332 2394 ut
346 2334 472 2411 liquidis
488 2344 631 2412 stagnare
646 2333 812 2411 paludibus
827 2333 941 2405 orbem,

101 2443 133 2493 et
149 2452 312 2510 superesse
328 2433 425 2494 virum
441 2435 480 2494 de
495 2444 542 2494 tot
559 2434 652 2493 modo
671 2433 795 2492 milibus
810 2452 914 2506 unum,
1053 2442 1101 2495 3²5

100 2546 133 2596 et
149 2554 313 2613 superesse
329 2537 412 2597 videt
427 2538 466 2597 de
483 2548 528 2598 tot
544 2538 637 2597 modo
652 2536 777 2597 milibus
792 2557 894 2609 unam,

101 2638 254 2697 innocuos
269 2637 385 2711 ambos,
403 2637 538 2697 cultores
554 2637 689 2697 numinis
705 2638 822 2710 ambos,

102 2737 211 2797 nubila
226 2736 356 2808 disiecit,
374 2737 549 2814 nimbisque
566 2739 710 2814 aquilone
725 2738 851 2798 remotis

99 2847 132 2897 et
147 2836 236 2896 caelo
251 2846 348 2896 terras
364 2837 501 2897 ostendit
516 2847 547 2896 et
563 2839 688 2898 aethera
702 2838 799 2898 terris.

101 2941 173 2997 Nec
188 2937 281 2996 maris
298 2937 342 2995 ira
357 2947 469 3011 manet,
487 2938 650 3014 positoque
666 2938 834 3015 tricuspide
849 2938 912 2998 telo
1053 2950 1103 3001 33ο

101 3037 219 3097 mulcet
233 3055 331 3113 aquas
346 3047 446 3097 rector
461 3038 572 3115 pelagi,
590 3057 745 3115 supraque
760 3038 949 3114 profundum

99 3147 275 3198 exstantem
291 3146 384 3212 atque
399 3157 522 3196 umeros
538 3138 644 3197 innato
660 3138 774 3197 murice
790 3147 906 3197 tectum

99 3239 280 3299 caeruleum
296 3237 425 3296 Tritona
440 3248 538 3309 vocat,
555 3240 754 3315 conchaeque
770 3238 893 3298 sonanti

98 3339 255 3417 inspirare
272 3338 356 3397 iubet
371 3338 543 3415 fluctusque
560 3350 590 3398 et
605 3340 731 3398 flumina
747 3339 834 3416 signo
