2504 3682
533 203 698 249 DAPHNE.
1080 201 1113 252 27

115 380 268 447 auctaque
284 372 382 429 forma
391 371 466 448 fuga
477 381 532 430 est.
578 371 731 430 Sedenim
744 390 806 430 non
822 371 954 431 sustinet
969 372 1049 430 ultra
1066 383 1113 436 530

114 472 244 548 perdere
258 471 426 530 blanditias
442 471 561 530 iuvenis
576 473 662 544 deuS,
679 482 773 548 utque
789 472 933 531 movebat

115 573 184 648 ipse
201 591 292 645 arnor,
310 571 444 630 admisso
460 572 598 648 sequitur
613 573 743 649 vestigia
758 591 860 648 passu.

115 674 162 732 Ut
177 672 263 732 canis
278 673 309 731 in
324 691 422 732 vacuo
438 672 574 748 leporem
589 692 659 731 cum
674 673 812 732 Gallicus
829 693 901 732 arvo

115 773 203 846 vidit,
220 772 315 832 ethic
330 773 477 850 praedam
493 773 625 849 pedibus
640 773 726 848 petit,
743 773 793 831 ille
810 773 960 846 salutem;

116 874 195 932 alter
210 874 374 932 inhaesuro
390 873 497 932 similis
513 873 573 932 iam
589 874 712 950 iamque
728 883 833 932 tenere
1066 886 1113 938 555

117 983 221 1051 sperat
237 982 267 1032 et
282 983 406 1033 extento
422 973 544 1050 stringit
560 973 691 1050 vestigia
706 983 813 1045 rostro,

117 1056 196 1132 alter
211 1075 243 1132 in
258 1073 402 1150 ambiguo
418 1083 466 1132 est
482 1092 521 1131 an
536 1073 576 1132 sit
591 1093 800 1150 comprensus,
818 1085 848 1132 et
863 1074 940 1150 ipsis

118 1174 271 1233 morsibus
286 1173 412 1250 eripitur
428 1173 647 1250 tangentiaque
663 1193 717 1232 ora
732 1173 893 1249 relinquit:

117 1274 163 1334 sic
178 1275 255 1334 deus
271 1283 302 1333 et
316 1273 411 1350 virgo,
428 1283 476 1332 est
491 1274 542 1332 hic
557 1293 612 1350 spe
627 1275 716 1347 celer,
734 1274 786 1332 illa
800 1275 918 1333 timore.

118 1375 181 1448 Qui
196 1383 299 1433 tamen
315 1373 495 1450 insequitur,
512 1373 623 1450 pennis
639 1374 763 1433 adiutus
780 1374 902 1434 Amoris
1067 1387 1114 1438 540

118 1475 202 1534 ocior
217 1486 265 1534 est
279 1474 477 1552 requiemque
493 1484 585 1551 negat
601 1484 748 1552 tergoque
763 1475 883 1552 fugacis

119 1575 257 1635 imminet
272 1585 303 1635 et
318 1575 433 1634 crinem
449 1594 589 1651 sparsum
605 1575 776 1634 cervicibus
792 1576 893 1634 adflat.

119 1677 245 1735 Viribus
260 1676 430 1752 absumptis
446 1675 593 1752 expalluit
609 1676 669 1748 illa,
686 1676 826 1752 citaeque

118 1775 200 1835 victa
215 1776 319 1836 labore
335 1777 435 1853 fugae,
451 1785 596 1852 spectans
613 1776 765 1835 Peneidas
780 1776 889 1848 undas,

121 1880 160 1936 ‘F
161 1896 203 1950 er,
213 1877 434 1953 pater,’inquit,
446 1885 548 1952 ‘opem
561 1881 566 1934 l
593 1876 777 1948 Tellus,’ait,
788 1876 895 1949 ‘hisce,
903 1878 952 1935 vel
965 1878 1054 1936 istam
1066 1889 1114 1941 545

120 1997 198 2052 quae
213 1977 288 2036 facit
304 1986 336 2036 ut
351 1977 463 2048 laedar,
481 1977 629 2035 mutando
644 1977 738 2052 perde
754 1977 880 2053 figuram
894 1979 920 2035 l’
1067 1989 1111 2041 547

161 2078 222 2136 Vix
238 2096 328 2154 prece
343 2076 438 2150 finita,
456 2085 559 2154 torpor
574 2076 675 2153 gravis
691 2085 822 2153 occupat
838 2087 930 2149 artuS,

119 2178 223 2236 mollia
238 2177 401 2255 cinguntur
415 2177 501 2235 tenui
516 2176 697 2253 praecordia
712 2177 799 2250 libr0‚

119 2279 150 2336 in
166 2278 308 2336 frondem
324 2279 434 2350 crines,
452 2277 483 2335 in
499 2296 600 2336 ramos
615 2277 761 2337 bracchia
775 2288 927 2350 crescunt,
1067 2291 1114 2342 550

119 2398 184 2455 pes,
200 2379 292 2437 modo
308 2388 369 2436 tam
385 2378 481 2449 velox,
498 2377 592 2454 pigris
608 2378 763 2437 radicibus
779 2379 894 2451 haeret,

119 2499 173 2538 ora
189 2497 337 2537 cacumen
353 2478 426 2537 obit.
473 2480 626 2536 Remanet
642 2479 723 2538 nitor
737 2499 817 2537 unus
830 2478 861 2537 in
877 2479 937 2537 illa.

121 2582 214 2637 Hanc
227 2598 349 2655 quoque
363 2578 508 2636 Phoebus
520 2588 611 2650 amat,
625 2579 787 2656 positaque
800 2579 830 2637 in
842 2579 946 2655 stipite
956 2581 1063 2638 dextra

119 2679 214 2739 sentit
229 2679 329 2737 adhuc
345 2678 499 2754 trepidare
515 2698 596 2737 novo
613 2679 669 2737 sub
686 2679 798 2739 cortice
815 2690 931 2756 pectus,

118 2779 358 2856 complexusque
374 2779 438 2837 suis
453 2797 563 2851 ramos,
582 2789 614 2838 ut
629 2780 774 2852 membra,
790 2780 911 2838 lacertis
1068 2790 1114 2844 555

118 2879 226 2939 oscula
241 2880 295 2939 dat
309 2879 410 2956 ligno,
434 2879 547 2955 refugit
562 2888 665 2938 tamen
682 2881 788 2939 oscula
803 2880 927 2957 lignum.

161 2980 220 3040 Cui
231 2980 317 3051 deuS,
333 2982 393 3037 ‘At
403 2979 548 3056 quoniam
559 2981 693 3039 coniunx
705 2999 773 3038 mea
784 3000 846 3039 non
858 2989 948 3056 potes
964 3000 1041 3051 esse,

118 3071 287 3141 arbor'eris
302 3081 403 3153 certe,’
420 3079 505 3152 dixit,
524 3086 615 3138 ‘mea
662 3083 788 3157 Semper
803 3080 962 3138 habebunt

117 3193 147 3242 te
163 3200 261 3253 coma,
278 3189 309 3238 te
325 3180 470 3251 citharae,
486 3189 517 3239 te
533 3191 665 3253 nostrae,
683 3181 777 3254 laure,
793 3182 963 3256 pharetrae.

117 3285 167 3342 Tu
182 3281 315 3342 ducibus
331 3280 428 3338 Latiis
445 3281 545 3338 aderis
561 3301 630 3339 curn
645 3281 727 3339 laeta
741 3281 929 3357 triumphum
1068 3279 1115 3347 560
