2504 3682
151 228 185 277 40
377 225 742 274 METAMORPHOSEON
761 226 797 272 11.
833 236 922 274 84-120.

154 398 221 454 Nec
235 394 291 453 tibi
307 394 524 470 quadrupedes
541 394 698 452 animosos
714 394 838 471 ignibus
854 393 914 453 illis

153 514 231 572 quos
246 495 276 552 in
293 504 417 570 pectore
432 494 556 566 habent,
574 513 652 569 quos
668 513 721 553 ore
736 503 767 553 et
782 493 908 553 naribus
923 496 1036 566 efflant,
1115 493 1149 559 85

153 597 342 671 inpromptu
358 613 462 671 regere
478 605 534 654 est.
579 593 640 652 Vix
655 612 703 654 me
719 594 876 670 patiuntur
891 595 944 653 ubi
960 613 1045 652 acres

152 696 307 754 incaluere
322 694 417 753 animi
431 694 596 771 cervixque
611 704 763 772 repugnat
777 695 917 760 habenis

153 800 196 856 At
209 807 252 869 tu,
268 794 384 855 funesti
399 815 439 855 ne
454 796 511 854 sim
527 795 584 854 tibi
599 795 734 854 muueris
749 805 863 869 auctor,

154 907 233 970 nate,
251 916 334 970 cave,
352 896 425 954 dum
441 915 552 973 resque
569 895 650 968 sinit,
668 905 721 955 tua
736 897 853 974 corrige
868 907 948 956 vota.

155 995 279 1058 Scilicet
294 1007 327 1057 ut
344 1007 449 1056 nostro
464 997 601 1074 genitum
617 1006 648 1055 te
664 996 815 1074 sanguine
832 998 948 1070 credas,
1117 1009 1150 1059 90

153 1099 281 1175 pignera
296 1107 380 1156 certa
395 1097 492 1174 petis?
538 1099 588 1155 Do
603 1096 732 1173 pignera
747 1107 830 1156 certa
845 1098 990 1170 timendo,

153 1208 184 1257 et
200 1198 299 1274 patrio
315 1207 403 1273 pater
418 1216 487 1256 esse
503 1209 587 1257 metu
602 1198 723 1273 probor.
770 1197 884 1274 Aspice
899 1199 1000 1256 vultus

154 1316 227 1358 ecce
243 1316 335 1357 meos.
381 1297 572 1374 Utinamque
587 1297 695 1357 oculos
711 1297 742 1355 in
757 1307 884 1374 pectora
898 1316 1007 1373 posses

154 1399 288 1458 inserere
304 1407 335 1457 et
349 1397 465 1474 patrias
480 1397 563 1456 intus
580 1397 772 1474 deprendere
788 1403 894 1457 curasl

156 1499 299 1574 Denique
315 1497 462 1574 quicquid
478 1498 572 1556 habet
587 1497 682 1570 dives,
701 1498 911 1574 circumspice,
928 1499 1072 1569 mundus,
1116 1510 1148 1561 95

155 1618 234 1676 eque
250 1607 296 1657 tot
311 1617 348 1657 ac
363 1597 458 1656 tantis
473 1598 551 1657 caeli
567 1608 728 1674 terraeque
744 1598 897 1674 marisque

154 1718 250 1775 posce
264 1698 356 1758 bonis
372 1693 499 1773 aliquid.
545 1698 670 1756 Nullam
686 1698 803 1774 patiere
818 1700 981 1775 repulsam.

157 1802 314 1876 Deprecor
329 1800 389 1857 hoc
404 1813 508 1872 unum,
525 1800 609 1875 quod
624 1819 696 1859 vero
712 1799 836 1858 nomine
852 1818 961 1875 poena,

157 1920 219 1959 non
234 1900 333 1959 honor
348 1909 403 1958 est.
450 1902 594 1973 Poenam,
612 1901 783 1972 Phaethon,
800 1919 855 1976 pro
870 1919 996 1959 munere
1011 1900 1123 1976 poscis.

157 2001 241 2074 Quid
257 2019 326 2059 mea
340 2000 419 2059 colla
434 2010 523 2060 tenes
537 2001 670 2073 blandis,
688 2001 802 2076 ignare,
819 1999 961 2059 lacertis?
1105 2012 1151 2046 100
1245 2055 1246 2062 ,

158 2104 206 2160 Ne
221 2100 338 2172 dubita,
356 2101 527 2159 dabitur—
540 2101 662 2179 Stygias
677 2101 845 2159 iuravimus
860 2101 960 2159 undas
971 2136 1013 2144 -

157 2201 374 2277 quodcumque
389 2201 521 2277 optaris3
546 2201 601 2260 sed
616 2211 650 2260 tu
666 2200 837 2277 sapientius
852 2203 944 2277 opta'

200 2301 335 2361 Finierat
351 2301 495 2360 monitus
541 2302 641 2360 Dictis
657 2311 761 2360 tamen
777 2302 828 2361 ille
843 2311 1002 2378 repugnat,

158 2401 412 2479 propositumque
427 2401 538 2478 premit
554 2401 722 2477 flagratque
738 2401 884 2483 cupidine
900 2421 1014 2460 currus

160 2505 240 2579 Ergo
256 2521 317 2577 qua
332 2501 418 2560 licuit
433 2501 554 2578 genitor
568 2511 732 2560 cunctatus
747 2502 787 2559 ad
802 2501 880 2560 altos
1105 2514 1153 2564 Ι05

159 2602 285 2661 deducit
300 2602 451 2674 iuvenem,
469 2601 620 2660 Volcania
635 2620 771 2674 munera,
787 2621 901 2662 currus.

160 2707 280 2762 Aureus
296 2702 362 2760 axis
377 2711 450 2774 erat,
467 2711 549 2760 temo
565 2721 684 2774 aureus,
702 2721 794 2761 aurea
809 2719 945 2760 summae

160 2813 322 2862 curvatura
336 2813 430 2874 rotae,
445 2802 599 2862 radiorum
616 2813 780 2880 argenteus
795 2803 879 2861 ordo.

162 2906 219 2962 Per
234 2903 306 2980 iuga
321 2902 499 2980 chrysolithi
515 2902 695 2979 positaeque
711 2924 749 2962 ex
764 2903 871 2961 ordine
886 2921 1024 2978 gemmae

160 3003 242 3061 clara
257 3022 438 3079 repercusso
453 3004 626 3062 reddebant
640 3003 756 3061 lumina
773 3003 907 3060 Phoebo.
1107 3013 1154 3048 110

175 3112 177 3117 ’
205 3106 348 3179 Dumque
364 3122 401 3163 ea
417 3103 629 3180 magnanimus
646 3104 806 3162 Phaethon
823 3104 948 3160 miratur
963 3119 1101 3177 opusque

161 3203 316 3280 perspicit,
333 3222 405 3262 ecce
420 3203 492 3279 vigil
508 3203 597 3262 rutilo
613 3203 760 3280 patefecit
777 3203 815 3260 ab
830 3211 898 3260 ortu

163 3322 332 3380 purpureas
348 3305 467 3361 Aurora
481 3303 563 3361 fores
580 3312 610 3362 et
625 3303 717 3379 plena
733 3320 871 3360 rosarum
