2504 3682
123 241 154 288 16
350 239 717 290 METAMORPHOSEON
737 241 757 288 Ι.
793 250 897 290 aar-274.

122 411 151 466 N
155 426 190 468 ec
205 417 368 468 contentus
384 427 430 482 e0,
447 408 534 468 missi
549 409 588 468 de
603 418 696 486 gente
714 409 854 469 Molossa

122 508 240 568 obsidis
256 509 347 568 unius
363 507 499 587 iugulum
514 528 660 569 mucrone
676 509 811 582 resolvit,

81 653 83 658 -
121 619 213 685 atque
228 608 272 668 ita
286 608 463 670 semineces·
473 609 583 686 partim
598 609 789 670 ferventibus
805 619 888 670 artus

122 709 219 770 mollit
234 711 331 788 aquis,
348 709 458 786 partim
474 710 615 770 subiecto
630 710 738 774 torruit
752 709 824 788 igni.

122 811 210 884 Quos
225 811 315 870 simul
331 811 478 888 imposuit
493 811 618 883 mensis,
635 829 693 888 ego
708 811 831 871 vindice
846 810 969 870 flamma
1072 825 1120 876 230

122 914 153 972 in
169 911 327 988 dominum
343 911 516 989 dignosque
532 911 627 971 everti
645 921 727 971 tecta
743 913 885 971 Penates,

122 1014 259 1074 Territus
274 1011 340 1089 ipse
355 1013 443 1091 fugit,
460 1022 633 1089 nactusque
649 1012 773 1072 silentia
786 1012 864 1071 ruris

122 1115 265 1186 exululat,
282 1114 456 1190 frustraque
472 1113 557 1189 loqui
572 1123 710 1173 conatur.
756 1112 806 1172 Ab
822 1112 891 1190 ipso

122 1213 249 1292 conligit
263 1231 298 1273 os
313 1213 439 1287 rabiem,
457 1213 630 1290 solitaeque
645 1212 790 1289 cupidine
807 1212 912 1272 caedis

122 1314 248 1374 vertitur
263 1313 294 1372 in
310 1314 455 1394 pecudes,
473 1322 503 1372 et
519 1332 601 1386 nunc
617 1332 740 1389 quoque
756 1313 906 1390 sanguine
922 1314 1045 1390 gaudet.
1071 1326 1119 1380 235

123 1417 161 1473 In
176 1414 264 1474 villos
281 1414 396 1473 abeunt
410 1422 520 1486 vestes,
539 1413 569 1471 in
586 1433 675 1472 crura
690 1413 811 1472 lacerti:

122 1516 156 1574 fit
172 1515 262 1591 lupus
278 1523 308 1573 et
323 1513 436 1596 veteris
452 1523 554 1574 servat
569 1513 698 1591 vestigia
713 1514 839 1573 formae.

99 1643 101 1646 ·
124 1615 262 1676 Canities
277 1615 386 1674 eadem
402 1624 458 1688 est,
476 1615 585 1674 eadem
600 1614 746 1674 violentia
762 1615 873 1688 vultus

122 1716 203 1776 idem
219 1715 300 1774 oculi
316 1715 427 1788 lucent,
445 1716 553 1776 eadem
569 1713 700 1774 feritatis
716 1714 827 1792 imago.

123 1816 247 1877 Occidit
262 1834 324 1874 una
339 1815 466 1889 domus3
491 1816 546 1875 sed
564 1835 628 1877 non
644 1816 755 1876 domus
770 1835 832 1874 una
846 1815 945 1893 perire
1072 1829 1120 1876 ²40

123 1917 217 1995 digna
231 1916 305 1975 fuit:
330 1936 390 1993 qua
405 1925 486 1976 terra
502 1925 595 1992 patet,
612 1916 678 1976 fera
693 1925 801 1993 regnat
817 1916 935 1994 Erinys.

125 2020 161 2076 ln
176 2017 298 2076 facinus
313 2015 431 2075 iurasse
446 2027 546 2092 putes.
591 2018 676 2075 Dent
691 2016 777 2076 ocius
793 2035 901 2075 omnes

124 2137 201 2194 quas
217 2134 353 2176 meruere
369 2116 441 2192 pati,
458 2117 503 2175 sic
519 2124 580 2175 stat
596 2116 759 2189 sententia,
776 2117 914 2193 poenas!

166 2218 259 2276 Dicta
274 2216 358 2276 Iovis
373 2235 445 2293 pars
459 2235 535 2276 voce
551 2216 684 2293 probant
700 2217 902 2293 stimulosque
917 2216 1060 2277 frementi

125 2319 269 2391 adiciunt,
287 2316 338 2376 alii
354 2326 456 2393 partes
472 2317 658 2377 adsensibus
673 2317 810 2394 implent.

125 2421 180 2477 Est
195 2428 298 2478 tamen
313 2417 440 2476 humani
455 2417 577 2494 generis
592 2416 709 2476 iactura
724 2416 823 2476 dolori

124 2518 275 2592 omnibus,
293 2527 331 2591 et,
350 2537 429 2594 quae
445 2517 485 2577 sit
500 2527 598 2577 terrae
614 2517 796 2576 mortalibus
812 2517 906 2576 orbae

124 2621 222 2678 forma
237 2618 347 2691 futura,
365 2627 482 2696 rogant,
501 2619 570 2694 quis
587 2616 626 2676 sit
641 2619 758 2677 laturus
774 2617 805 2675 in
822 2636 890 2676 aras

124 2729 200 2791 tura,
216 2713 330 2779 ferisne
345 2727 433 2795 paret
448 2718 644 2796 populandas
656 2718 775 2778 tradere
791 2726 897 2776 terras.

125 2819 214 2878 Talia
230 2828 413 2895 quaerentes
432 2818 505 2898 (sibi
521 2818 602 2877 enim
618 2818 684 2878 fore
699 2827 802 2878 cetera
817 2817 923 2897 curae)
1074 2830 1122 2881 ²50

49 2934 52 2942 ·
125 2941 177 2980 rex
193 2939 336 2996 superum
352 2919 506 2996 trepidare
522 2928 613 2992 vetat,
631 2917 831 2994 subolemque
847 2917 941 2994 priori

125 3020 304 3080 dissimilem
319 3019 433 3096 populo
449 3018 600 3096 promittit
614 3018 733 3096 origine
748 3018 833 3078 mira.

168 3123 296 3196 Iamque
312 3129 376 3180 erat
391 3120 423 3178 in
438 3129 520 3179 totas
536 3138 698 3196 sparsurus
713 3119 843 3177 fulmina
858 3129 971 3192 terras;

125 3222 181 3281 sed
196 3220 304 3292 timuit,
322 3240 361 3279 ne
376 3221 456 3279 lorte
472 3238 558 3278 sacer
573 3229 619 3278 tot
634 3220 673 3278 ab
690 3218 814 3296 ignibus
830 3221 936 3278 aether

126 3323 301 3399 conciperet
316 3320 454 3378 flammas
470 3320 642 3396 longusque
659 3319 835 3377 ardesceret
850 3319 924 3377 axis.
1075 3331 1122 3382 ²55
