2504 3682
572 208 618 254 10.

94 379 160 435 Bos
176 395 299 453 quoque
314 376 451 434 formosa
466 385 521 434 est.
569 376 710 451 Speciem
728 377 871 434 Saturnia
885 392 1005 447 vaccae,

94 495 283 553 quamquam
300 475 404 548 invita,
421 476 541 552 probat,
559 495 616 536 nec
632 495 704 549 non,
720 486 751 534 et
766 476 853 534 cuius
869 485 900 533 et
914 474 997 533 unde

94 595 197 652 quove
213 575 253 635 sit
269 585 417 647 armento,
434 575 498 634 veri
515 576 603 652 quasi
619 575 734 648 nescia,
751 575 878 652 quaerit.

95 675 239 752 Iuppiter
253 695 270 734 e
285 685 366 735 terra
379 676 515 752 genitam
532 677 684 749 mentitur,
702 686 735 734 ut
751 686 857 735 auctor
1045 673 1093 737 ⁶¹5

95 776 221 836 desinat
235 775 356 852 inquiri.
403 777 484 836 Petit
499 778 579 835 hanc
597 777 739 836 Saturnia
755 795 874 835 munus.

96 877 184 950 Quid
197 876 312 936 iaciat?
357 878 499 950 Crudele,
517 897 591 942 suos
605 877 750 937 addicere
766 896 884 935 amores
896 901 902 948 ;

96 997 162 1035 non
177 976 261 1049 dare,
278 987 465 1054 suspectum.
511 978 614 1036 Pudor
629 986 676 1037 est
692 977 744 1054 qui
760 978 889 1036 suadeat
905 977 998 1048 illinc,

97 1078 171 1137 hinc
186 1077 346 1137 dissuadet
362 1097 454 1137 amor.
500 1079 610 1137 Victus
624 1079 724 1154 pudor
739 1088 821 1136 esset
837 1095 956 1147 amore;

98 1179 156 1236 sed
171 1178 238 1236 leve
254 1177 280 1236 si
295 1197 407 1236 munus
423 1178 525 1238 sociae
540 1179 725 1255 generisque
740 1179 859 1254 torique
1044 1175 1094 1224 620

98 1297 194 1336 vacca
210 1289 381 1355 negaretur,
398 1288 518 1354 poterat
534 1298 596 1336 non
612 1298 706 1338 vacca
722 1278 827 1337 videri.

100 1379 224 1437 Paelice
239 1379 354 1438 donata
369 1398 431 1438 non
448 1380 587 1456 protinus
602 1379 685 1438 exuit
701 1398 823 1438 ornnem

99 1479 171 1537 diva
186 1488 301 1538 metum
316 1479 478 1555 timuitque
496 1481 601 1538 Iovem
616 1489 648 1538 et
662 1480 720 1539 fuit
735 1478 826 1537 anxia
841 1479 923 1550 lurti,

99 1579 200 1638 donec
215 1579 414 1639 Arestoridae
429 1580 610 1638 servandam
627 1581 752 1639 tradidit
769 1584 861 1656 Argo.

143 1681 275 1738 Centum
291 1679 457 1738 luminibus
472 1681 606 1739 cinctum
623 1691 715 1756 caput
731 1683 832 1756 Argus
848 1680 1000 1748 habebat;
1044 1682 1093 1742 625

100 1780 173 1838 inde
189 1779 254 1838 suis
269 1778 389 1839 vicibus
404 1780 569 1856 capiebant
584 1780 657 1839 bina
673 1780 816 1857 quietem,

99 1890 204 1938 cetera
219 1880 384 1939 servabant
399 1890 492 1956 atque
508 1880 539 1938 in
555 1881 688 1939 statione
704 1880 877 1938 manebant.

102 1981 292 2040 Constiterat
307 2000 502 2057 quocumque
518 1981 620 2053 modo,
638 1981 798 2056 spectabat
814 1980 854 2038 ad
871 1983 923 2052 Ιο;

101 2090 173 2138 ante
189 2080 296 2139 oculos
312 2083 357 2154 10,
375 2081 514 2157 quamvis
531 2100 666 2152 aversus,
684 2081 827 2139 habebat.

102 2183 186 2239 Luce
202 2179 275 2239 sinit
289 2181 394 2257 pasci3
418 2200 487 2239 cum
503 2181 551 2240 sol
566 2181 673 2240 tellure
690 2182 747 2240 sub
763 2182 825 2239 alta
840 2190 896 2252 est,

101 2280 217 2340 claudit
233 2291 263 2340 et
278 2281 406 2357 indigno
421 2281 591 2340 circumdat
606 2281 728 2340 vincula
744 2281 831 2340 collo.

102 2383 127 2440 F
128 2381 277 2440 rondibus
293 2382 428 2442 arboreis
444 2391 475 2440 et
490 2401 594 2440 amara
608 2381 745 2458 pascitur
759 2382 862 2454 herba,

100 2500 219 2558 proque
235 2490 302 2540 toro
317 2491 416 2541 terrae
431 2502 493 2541 non
510 2501 630 2558 semper
644 2501 771 2558 gramen
786 2482 912 2540 habenti

101 2582 229 2640 incubat
243 2580 350 2640 infelix
365 2581 536 2658 limosaque
551 2582 677 2640 flumina
692 2591 786 2658 potat.

103 2682 160 2740 Illa
175 2682 268 2740 etiam
284 2682 413 2758 supplex
430 2685 513 2758 Argo
529 2701 598 2740 cum
614 2682 759 2740 bracchia
774 2682 866 2740 vellet

102 2782 239 2854 tendere,
256 2801 318 2840 non
334 2782 443 2840 habuit
455 2801 535 2858 quae
551 2781 696 2840 bracchia
711 2782 852 2841 tenderet
868 2785 969 2858 Argo,

101 2892 131 2941 et
147 2891 260 2941 conata
271 2881 357 2958 queri
372 2882 507 2959 mugitus
522 2882 620 2941 edidit
635 2902 686 2942 ore

102 2982 319 3059 pertimuitque
336 3001 430 3042 sonos
445 2983 629 3059 propriaque
646 2984 789 3042 exterrita
804 3001 879 3041 voce
896 2993 951 3040 est.

143 3082 237 3142 Venit
252 3092 283 3142 et
299 3083 338 3142 ad
353 3083 444 3158 ripas,
461 3082 514 3141 ubi
530 3083 634 3142 ludere
651 3103 743 3160 saepe
760 3083 887 3154 solebat,

104 3182 286 3255 Inachidas3
310 3183 405 3242 rictus
420 3201 562 3258 novaque
578 3193 610 3241 ut
626 3183 787 3259 conspexit
803 3182 832 3239 in
850 3182 934 3240 unda

102 3302 225 3356 cornua,
241 3282 397 3362 pertimuit
412 3302 507 3362 seque
523 3292 697 3344 exsternata
713 3282 833 3361 refugit.
