<?xml version="1.0" encoding="UTF-8"?>
<!DOCTYPE html PUBLIC "-//W3C//DTD XHTML 1.0 Transitional//EN"
    "http://www.w3.org/TR/xhtml1/DTD/xhtml1-transitional.dtd">
<html xmlns="http://www.w3.org/1999/xhtml" xml:lang="en" lang="en">
 <head>
  <title>
</title>
<meta http-equiv="Content-Type" content="text/html;charset=utf-8" />
  <meta name='ocr-system' content='tesseract 3.04.00' />
  <meta name='ocr-capabilities' content='ocr_page ocr_carea ocr_par ocr_line ocrx_word'/>
</head>
<body>
  <div class='ocr_page' id='page_1' title='image "./firstandsecondb01ovidgoog/firstandsecondb01ovidgoog_0066.png"; bbox 0 0 2504 3682; ppageno 0'>
   <div class='ocr_carea' id='block_1_1' title="bbox 130 179 909 229">
    <p class='ocr_par' dir='ltr' id='par_1_1' title="bbox 130 179 909 229">
     <span class='ocr_line' id='line_1_1' title="bbox 130 179 909 229; baseline -0.004 0"><span class='ocrx_word' id='word_1_1' title='bbox 130 182 163 229; x_wconf 83' lang='lat'>42</span> <span class='ocrx_word' id='word_1_2' title='bbox 352 179 715 229; x_wconf 85' lang='lat' dir='ltr'><strong>METAMORPHOSEON</strong></span> <span class='ocrx_word' id='word_1_3' title='bbox 735 180 770 226; x_wconf 92' lang='grc' dir='ltr'>ΙΙ.</span> <span class='ocrx_word' id='word_1_4' title='bbox 807 190 909 228; x_wconf 78' lang='lat'>121-164.</span> 
     </span>
    </p>
   </div>
   <div class='ocr_carea' id='block_1_2' title="bbox 129 347 1097 3327">
    <p class='ocr_par' dir='ltr' id='par_1_2' title="bbox 129 347 1097 3327">
     <span class='ocr_line' id='line_1_2' title="bbox 132 347 946 423; baseline 0.001 -19"><span class='ocrx_word' id='word_1_5' title='bbox 132 347 348 423; x_wconf 90' lang='lat' dir='ltr'>quadrupedes</span> <span class='ocrx_word' id='word_1_6' title='bbox 364 347 480 406; x_wconf 90' lang='lat' dir='ltr'>ducunt</span> <span class='ocrx_word' id='word_1_7' title='bbox 496 347 676 422; x_wconf 87' lang='lat' dir='ltr'>adduntque</span> <span class='ocrx_word' id='word_1_8' title='bbox 692 347 835 405; x_wconf 86' lang='lat' dir='ltr'>sonantia</span> <span class='ocrx_word' id='word_1_9' title='bbox 850 348 946 405; x_wconf 85' lang='lat' dir='ltr'>frena.</span> 
     </span>
     <span class='ocr_line' id='line_1_3' title="bbox 131 447 848 522; baseline 0 -18"><span class='ocrx_word' id='word_1_10' title='bbox 131 449 210 504; x_wconf 93' lang='lat' dir='ltr'>Tum</span> <span class='ocrx_word' id='word_1_11' title='bbox 227 456 313 522; x_wconf 91' lang='lat' dir='ltr'>pater</span> <span class='ocrx_word' id='word_1_12' title='bbox 328 466 382 504; x_wconf 90' lang='lat' dir='ltr'>ora</span> <span class='ocrx_word' id='word_1_13' title='bbox 397 447 444 504; x_wconf 91' lang='lat' dir='ltr'>sui</span> <span class='ocrx_word' id='word_1_14' title='bbox 460 458 548 505; x_wconf 83' lang='lat' dir='ltr'>sacro</span> <span class='ocrx_word' id='word_1_15' title='bbox 563 447 767 505; x_wconf 85' lang='lat' dir='ltr'>medicamine</span> <span class='ocrx_word' id='word_1_16' title='bbox 784 447 848 504; x_wconf 90' lang='lat' dir='ltr'>nati</span> 
     </span>
     <span class='ocr_line' id='line_1_4' title="bbox 131 546 858 623; baseline 0 -19"><span class='ocrx_word' id='word_1_17' title='bbox 131 546 261 623; x_wconf 89' lang='lat' dir='ltr'>contigit</span> <span class='ocrx_word' id='word_1_18' title='bbox 276 556 308 605; x_wconf 92' lang='lat' dir='ltr'>et</span> <span class='ocrx_word' id='word_1_19' title='bbox 323 547 449 622; x_wconf 82' lang='lat' dir='ltr'>rapidae</span> <span class='ocrx_word' id='word_1_20' title='bbox 465 547 538 606; x_wconf 83' lang='lat' dir='ltr'>fecit</span> <span class='ocrx_word' id='word_1_21' title='bbox 553 547 703 623; x_wconf 88' lang='lat' dir='ltr'>patientia</span> <span class='ocrx_word' id='word_1_22' title='bbox 718 547 858 604; x_wconf 87' lang='lat' dir='ltr'>fiammae</span> 
     </span>
     <span class='ocr_line' id='line_1_5' title="bbox 130 647 920 723; baseline 0.003 -20"><span class='ocrx_word' id='word_1_23' title='bbox 130 647 337 723; x_wconf 86' lang='lat' dir='ltr'>imposuitque</span> <span class='ocrx_word' id='word_1_24' title='bbox 353 666 459 705; x_wconf 89' lang='lat' dir='ltr'>comae</span> <span class='ocrx_word' id='word_1_25' title='bbox 474 647 577 705; x_wconf 90' lang='lat' dir='ltr'>radios</span> <span class='ocrx_word' id='word_1_26' title='bbox 592 666 804 723; x_wconf 87' lang='lat' dir='ltr'>praesagaque</span> <span class='ocrx_word' id='word_1_27' title='bbox 820 647 920 706; x_wconf 88' lang='lat' dir='ltr'>luctus</span> 
     </span>
     <span class='ocr_line' id='line_1_6' title="bbox 130 747 818 823; baseline 0.003 -19"><span class='ocrx_word' id='word_1_28' title='bbox 130 757 253 822; x_wconf 89' lang='lat' dir='ltr'>pectore</span> <span class='ocrx_word' id='word_1_29' title='bbox 270 747 401 805; x_wconf 90' lang='lat' dir='ltr'>sollicito</span> <span class='ocrx_word' id='word_1_30' title='bbox 417 757 560 823; x_wconf 89' lang='lat' dir='ltr'>repetens</span> <span class='ocrx_word' id='word_1_31' title='bbox 577 747 709 823; x_wconf 91' lang='lat' dir='ltr'>suspiria</span> <span class='ocrx_word' id='word_1_32' title='bbox 724 747 818 806; x_wconf 87' lang='lat' dir='ltr'>dixit:</span> 
     </span>
     <span class='ocr_line' id='line_1_7' title="bbox 173 847 940 924; baseline 0 -18"><span class='ocrx_word' id='word_1_33' title='bbox 173 847 224 906; x_wconf 89' lang='lat' dir='ltr'>‘Si</span> <span class='ocrx_word' id='word_1_34' title='bbox 239 857 328 923; x_wconf 91' lang='lat' dir='ltr'>potes</span> <span class='ocrx_word' id='word_1_35' title='bbox 343 848 391 906; x_wconf 92' lang='lat' dir='ltr'>his</span> <span class='ocrx_word' id='word_1_36' title='bbox 408 848 515 906; x_wconf 88' lang='lat' dir='ltr'>saltem</span> <span class='ocrx_word' id='word_1_37' title='bbox 531 847 655 905; x_wconf 94' lang='lat' dir='ltr'>monitis</span> <span class='ocrx_word' id='word_1_38' title='bbox 671 867 777 923; x_wconf 86' lang='lat' dir='ltr'>parere</span> <span class='ocrx_word' id='word_1_39' title='bbox 794 847 940 924; x_wconf 80' lang='lat' dir='ltr'>paternis⁷</span> 
     </span>
     <span class='ocr_line' id='line_1_8' title="bbox 129 948 848 1024; baseline 0.001 -19"><span class='ocrx_word' id='word_1_40' title='bbox 129 967 230 1023; x_wconf 89' lang='lat' dir='ltr'>parce,</span> <span class='ocrx_word' id='word_1_41' title='bbox 248 968 332 1024; x_wconf 89' lang='lat' dir='ltr'>puer,</span> <span class='ocrx_word' id='word_1_42' title='bbox 349 948 480 1006; x_wconf 92' lang='lat' dir='ltr'>stimulis</span> <span class='ocrx_word' id='word_1_43' title='bbox 495 958 526 1006; x_wconf 88' lang='lat' dir='ltr'>et</span> <span class='ocrx_word' id='word_1_44' title='bbox 541 948 650 1006; x_wconf 81' lang='lat' dir='ltr'>fortius</span> <span class='ocrx_word' id='word_1_45' title='bbox 666 957 751 1007; x_wconf 89' lang='lat' dir='ltr'>utere</span> <span class='ocrx_word' id='word_1_46' title='bbox 768 948 848 1006; x_wconf 91' lang='lat' dir='ltr'>loris.</span> 
     </span>
     <span class='ocr_line' id='line_1_9' title="bbox 131 1048 1008 1124; baseline 0 -18"><span class='ocrx_word' id='word_1_47' title='bbox 131 1049 248 1124; x_wconf 88' lang='lat' dir='ltr'>Sponte</span> <span class='ocrx_word' id='word_1_48' title='bbox 264 1068 319 1106; x_wconf 87' lang='lat' dir='ltr'>sua</span> <span class='ocrx_word' id='word_1_49' title='bbox 335 1057 517 1124; x_wconf 87' lang='lat' dir='ltr'>properant;</span> <span class='ocrx_word' id='word_1_50' title='bbox 542 1048 629 1106; x_wconf 89' lang='lat' dir='ltr'>labor</span> <span class='ocrx_word' id='word_1_51' title='bbox 645 1058 691 1106; x_wconf 89' lang='lat' dir='ltr'>est</span> <span class='ocrx_word' id='word_1_52' title='bbox 707 1048 845 1106; x_wconf 90' lang='lat' dir='ltr'>inhibere</span> <span class='ocrx_word' id='word_1_53' title='bbox 861 1048 1008 1119; x_wconf 76' lang='lat' dir='ltr'>volentes,</span> 
     </span>
     <span class='ocr_line' id='line_1_10' title="bbox 131 1139 955 1224; baseline 0.001 -19"><span class='ocrx_word' id='word_1_54' title='bbox 131 1150 197 1205; x_wconf 92' lang='lat' dir='ltr'>Nec</span> <span class='ocrx_word' id='word_1_55' title='bbox 212 1147 268 1206; x_wconf 89' lang='lat' dir='ltr'>tibi</span> <span class='ocrx_word' id='word_1_56' title='bbox 278 1148 417 1218; x_wconf 45' lang='lat' dir='ltr'>,directos</span> <span class='ocrx_word' id='word_1_57' title='bbox 433 1148 553 1224; x_wconf 86' lang='lat' dir='ltr'>placeat</span> <span class='ocrx_word' id='word_1_58' title='bbox 568 1148 618 1206; x_wconf 88' lang='lat' dir='ltr'>via</span> <span class='ocrx_word' id='word_1_59' title='bbox 634 1139 770 1224; x_wconf 90' lang='lat' dir='ltr'>quinque</span> <span class='ocrx_word' id='word_1_60' title='bbox 786 1168 841 1224; x_wconf 92' lang='lat' dir='ltr'>per</span> <span class='ocrx_word' id='word_1_61' title='bbox 857 1167 955 1206; x_wconf 87' lang='lat' dir='ltr'>arcus.</span> 
     </span>
     <span class='ocr_line' id='line_1_11' title="bbox 131 1248 906 1324; baseline 0 -18"><span class='ocrx_word' id='word_1_62' title='bbox 131 1249 239 1306; x_wconf 90' lang='lat' dir='ltr'>Sectus</span> <span class='ocrx_word' id='word_1_63' title='bbox 255 1249 285 1305; x_wconf 91' lang='lat' dir='ltr'>in</span> <span class='ocrx_word' id='word_1_64' title='bbox 302 1248 461 1324; x_wconf 90' lang='lat' dir='ltr'>obliquum</span> <span class='ocrx_word' id='word_1_65' title='bbox 477 1258 524 1306; x_wconf 92' lang='lat' dir='ltr'>est</span> <span class='ocrx_word' id='word_1_66' title='bbox 540 1250 602 1306; x_wconf 90' lang='lat' dir='ltr'>lato</span> <span class='ocrx_word' id='word_1_67' title='bbox 619 1248 794 1306; x_wconf 88' lang='lat' dir='ltr'>curvamine</span> <span class='ocrx_word' id='word_1_68' title='bbox 810 1249 906 1320; x_wconf 88' lang='lat' dir='ltr'>limes,</span> 
     </span>
     <span class='ocr_line' id='line_1_12' title="bbox 130 1348 880 1424; baseline 0.001 -19"><span class='ocrx_word' id='word_1_69' title='bbox 130 1368 337 1424; x_wconf 91' lang='lat' dir='ltr'>zonarumque</span> <span class='ocrx_word' id='word_1_70' title='bbox 353 1348 443 1406; x_wconf 89' lang='lat' dir='ltr'>trium</span> <span class='ocrx_word' id='word_1_71' title='bbox 460 1358 622 1406; x_wconf 87' lang='lat' dir='ltr'>contentus</span> <span class='ocrx_word' id='word_1_72' title='bbox 638 1349 699 1407; x_wconf 88' lang='lat' dir='ltr'>fine</span> <span class='ocrx_word' id='word_1_73' title='bbox 715 1349 880 1424; x_wconf 89' lang='lat' dir='ltr'>polumque</span> 
     </span>
     <span class='ocr_line' id='line_1_13' title="bbox 130 1448 983 1526; baseline 0.001 -20"><span class='ocrx_word' id='word_1_74' title='bbox 130 1449 238 1526; x_wconf 81' lang='lat' dir='ltr'>effugit</span> <span class='ocrx_word' id='word_1_75' title='bbox 254 1449 418 1507; x_wconf 89' lang='lat' dir='ltr'>australem</span> <span class='ocrx_word' id='word_1_76' title='bbox 434 1448 630 1524; x_wconf 90' lang='lat' dir='ltr'>iunctamque</span> <span class='ocrx_word' id='word_1_77' title='bbox 647 1449 841 1524; x_wconf 88' lang='lat' dir='ltr'>aquilonibus</span> <span class='ocrx_word' id='word_1_78' title='bbox 858 1451 983 1507; x_wconf 88' lang='lat' dir='ltr'>Arcton.</span> 
     </span>
     <span class='ocr_line' id='line_1_14' title="bbox 132 1549 931 1626; baseline 0 -21"><span class='ocrx_word' id='word_1_79' title='bbox 132 1551 202 1606; x_wconf 92' lang='lat' dir='ltr'>Hac</span> <span class='ocrx_word' id='word_1_80' title='bbox 218 1549 257 1607; x_wconf 89' lang='lat' dir='ltr'>sit</span> <span class='ocrx_word' id='word_1_81' title='bbox 273 1549 338 1608; x_wconf 89' lang='lat' dir='ltr'>iter.</span> <span class='ocrx_word' id='word_1_82' title='bbox 385 1549 554 1607; x_wconf 78' lang='lat' dir='ltr'>Manifesta</span> <span class='ocrx_word' id='word_1_83' title='bbox 569 1559 652 1607; x_wconf 89' lang='lat' dir='ltr'>rotae</span> <span class='ocrx_word' id='word_1_84' title='bbox 668 1549 799 1626; x_wconf 85' lang='lat' dir='ltr'>vestigia</span> <span class='ocrx_word' id='word_1_85' title='bbox 815 1568 931 1606; x_wconf 92' lang='lat' dir='ltr'>cernes.</span> 
     </span>
     <span class='ocr_line' id='line_1_15' title="bbox 130 1649 948 1725; baseline -0.001 -17"><span class='ocrx_word' id='word_1_86' title='bbox 130 1651 235 1724; x_wconf 91' lang='lat' dir='ltr'>thue</span> <span class='ocrx_word' id='word_1_87' title='bbox 250 1651 351 1708; x_wconf 81' lang='lat' dir='ltr'>ferant</span> <span class='ocrx_word' id='word_1_88' title='bbox 367 1669 483 1725; x_wconf 88' lang='lat' dir='ltr'>aequos</span> <span class='ocrx_word' id='word_1_89' title='bbox 499 1659 530 1707; x_wconf 89' lang='lat' dir='ltr'>et</span> <span class='ocrx_word' id='word_1_90' title='bbox 545 1649 664 1708; x_wconf 89' lang='lat' dir='ltr'>caelum</span> <span class='ocrx_word' id='word_1_91' title='bbox 681 1659 712 1708; x_wconf 92' lang='lat' dir='ltr'>et</span> <span class='ocrx_word' id='word_1_92' title='bbox 728 1659 807 1708; x_wconf 89' lang='lat' dir='ltr'>terra</span> <span class='ocrx_word' id='word_1_93' title='bbox 822 1649 948 1720; x_wconf 69' lang='lat' dir='ltr'>calores</span> 
     </span>
     <span class='ocr_line' id='line_1_16' title="bbox 129 1750 1097 1826; baseline 0 -20"><span class='ocrx_word' id='word_1_94' title='bbox 129 1768 187 1808; x_wconf 90' lang='lat' dir='ltr'>nec</span> <span class='ocrx_word' id='word_1_95' title='bbox 202 1769 305 1826; x_wconf 91' lang='lat' dir='ltr'>preme</span> <span class='ocrx_word' id='word_1_96' title='bbox 321 1769 378 1809; x_wconf 89' lang='lat' dir='ltr'>nec</span> <span class='ocrx_word' id='word_1_97' title='bbox 394 1768 545 1808; x_wconf 93' lang='lat' dir='ltr'>summum</span> <span class='ocrx_word' id='word_1_98' title='bbox 561 1750 667 1808; x_wconf 88' lang='lat' dir='ltr'>molire</span> <span class='ocrx_word' id='word_1_99' title='bbox 683 1769 736 1826; x_wconf 90' lang='lat' dir='ltr'>per</span> <span class='ocrx_word' id='word_1_100' title='bbox 752 1750 877 1808; x_wconf 89' lang='lat' dir='ltr'>aethera</span> <span class='ocrx_word' id='word_1_101' title='bbox 892 1768 1022 1806; x_wconf 88' lang='lat' dir='ltr'>cursum.</span> <span class='ocrx_word' id='word_1_102' title='bbox 1094 1814 1097 1820; x_wconf 24' lang='grc' dir='ltr'><strong><em>Ι</em></strong></span> 
     </span>
     <span class='ocr_line' id='line_1_17' title="bbox 130 1850 821 1928; baseline 0 -20"><span class='ocrx_word' id='word_1_103' title='bbox 130 1850 231 1908; x_wconf 88' lang='lat' dir='ltr'>Altius</span> <span class='ocrx_word' id='word_1_104' title='bbox 247 1870 389 1928; x_wconf 86' lang='lat' dir='ltr'>egressus</span> <span class='ocrx_word' id='word_1_105' title='bbox 405 1851 550 1909; x_wconf 86' lang='lat' dir='ltr'>caelestia</span> <span class='ocrx_word' id='word_1_106' title='bbox 565 1859 646 1908; x_wconf 88' lang='lat' dir='ltr'>tecta</span> <span class='ocrx_word' id='word_1_107' title='bbox 661 1850 821 1922; x_wconf 86' lang='lat' dir='ltr'>cremabis,</span> 
     </span>
     <span class='ocr_line' id='line_1_18' title="bbox 130 1949 814 2024; baseline 0.003 -18"><span class='ocrx_word' id='word_1_108' title='bbox 130 1949 257 2009; x_wconf 79' lang='lat' dir='ltr'>interius</span> <span class='ocrx_word' id='word_1_109' title='bbox 271 1961 384 2024; x_wconf 87' lang='lat' dir='ltr'>terras;</span> <span class='ocrx_word' id='word_1_110' title='bbox 408 1951 510 2009; x_wconf 90' lang='lat' dir='ltr'>medio</span> <span class='ocrx_word' id='word_1_111' title='bbox 526 1951 697 2009; x_wconf 90' lang='lat' dir='ltr'>tutissimus</span> <span class='ocrx_word' id='word_1_112' title='bbox 714 1950 780 2009; x_wconf 91' lang='lat' dir='ltr'>ibis.</span> <span class='ocrx_word' id='word_1_113' title='bbox 812 1973 814 1976; x_wconf 91' lang='lat'>·</span> 
     </span>
     <span class='ocr_line' id='line_1_19' title="bbox 131 2051 913 2127; baseline -0.001 -19"><span class='ocrx_word' id='word_1_114' title='bbox 131 2053 200 2108; x_wconf 95' lang='lat' dir='ltr'>Neu</span> <span class='ocrx_word' id='word_1_115' title='bbox 216 2060 246 2108; x_wconf 92' lang='lat' dir='ltr'>te</span> <span class='ocrx_word' id='word_1_116' title='bbox 262 2051 413 2108; x_wconf 87' lang='lat' dir='ltr'>dexterior</span> <span class='ocrx_word' id='word_1_117' title='bbox 427 2060 542 2108; x_wconf 92' lang='lat' dir='ltr'>tortum</span> <span class='ocrx_word' id='word_1_118' title='bbox 557 2051 692 2109; x_wconf 87' lang='lat' dir='ltr'>declinet</span> <span class='ocrx_word' id='word_1_119' title='bbox 708 2052 747 2108; x_wconf 89' lang='lat' dir='ltr'>ad</span> <span class='ocrx_word' id='word_1_120' title='bbox 764 2054 913 2127; x_wconf 86' lang='lat' dir='ltr'>Anguem,</span> 
     </span>
     <span class='ocr_line' id='line_1_20' title="bbox 130 2150 920 2226; baseline 0 -20"><span class='ocrx_word' id='word_1_121' title='bbox 130 2169 207 2209; x_wconf 91' lang='lat' dir='ltr'>neve</span> <span class='ocrx_word' id='word_1_122' title='bbox 223 2150 392 2209; x_wconf 89' lang='lat' dir='ltr'>sinisterior</span> <span class='ocrx_word' id='word_1_123' title='bbox 408 2171 546 2226; x_wconf 86' lang='lat' dir='ltr'>pressam</span> <span class='ocrx_word' id='word_1_124' title='bbox 562 2162 629 2210; x_wconf 89' lang='lat' dir='ltr'>rota</span> <span class='ocrx_word' id='word_1_125' title='bbox 645 2153 738 2209; x_wconf 92' lang='lat' dir='ltr'>ducat</span> <span class='ocrx_word' id='word_1_126' title='bbox 753 2152 793 2209; x_wconf 91' lang='lat' dir='ltr'>ad</span> <span class='ocrx_word' id='word_1_127' title='bbox 809 2154 920 2222; x_wconf 85' lang='lat' dir='ltr'>Aram;</span> 
     </span>
     <span class='ocr_line' id='line_1_21' title="bbox 131 2251 936 2327; baseline 0.002 -21"><span class='ocrx_word' id='word_1_128' title='bbox 131 2251 209 2309; x_wconf 90' lang='lat' dir='ltr'>inter</span> <span class='ocrx_word' id='word_1_129' title='bbox 224 2260 387 2327; x_wconf 87' lang='lat' dir='ltr'>utrumque</span> <span class='ocrx_word' id='word_1_130' title='bbox 402 2261 481 2311; x_wconf 89' lang='lat' dir='ltr'>tene.</span> <span class='ocrx_word' id='word_1_131' title='bbox 528 2255 682 2310; x_wconf 86' lang='lat' dir='ltr'>Fortunae</span> <span class='ocrx_word' id='word_1_132' title='bbox 698 2262 799 2310; x_wconf 89' lang='lat' dir='ltr'>cetera</span> <span class='ocrx_word' id='word_1_133' title='bbox 815 2251 936 2322; x_wconf 89' lang='lat' dir='ltr'>mand0,</span> 
     </span>
     <span class='ocr_line' id='line_1_22' title="bbox 131 2351 961 2428; baseline 0 -20"><span class='ocrx_word' id='word_1_134' title='bbox 131 2369 209 2426; x_wconf 89' lang='lat' dir='ltr'>quae</span> <span class='ocrx_word' id='word_1_135' title='bbox 225 2351 308 2410; x_wconf 90' lang='lat' dir='ltr'>iuvet</span> <span class='ocrx_word' id='word_1_136' title='bbox 324 2361 355 2409; x_wconf 90' lang='lat' dir='ltr'>et</span> <span class='ocrx_word' id='word_1_137' title='bbox 370 2352 479 2410; x_wconf 89' lang='lat' dir='ltr'>melius</span> <span class='ocrx_word' id='word_1_138' title='bbox 494 2371 587 2428; x_wconf 90' lang='lat' dir='ltr'>quam</span> <span class='ocrx_word' id='word_1_139' title='bbox 603 2361 636 2410; x_wconf 91' lang='lat' dir='ltr'>tu</span> <span class='ocrx_word' id='word_1_140' title='bbox 652 2351 708 2410; x_wconf 89' lang='lat' dir='ltr'>tibi</span> <span class='ocrx_word' id='word_1_141' title='bbox 723 2351 864 2410; x_wconf 91' lang='lat' dir='ltr'>consulat</span> <span class='ocrx_word' id='word_1_142' title='bbox 879 2359 961 2426; x_wconf 72' lang='lat' dir='ltr'>opto,</span> 
     </span>
     <span class='ocr_line' id='line_1_23' title="bbox 132 2451 915 2528; baseline 0.001 -21"><span class='ocrx_word' id='word_1_143' title='bbox 132 2451 213 2508; x_wconf 93' lang='lat' dir='ltr'>Dum</span> <span class='ocrx_word' id='word_1_144' title='bbox 229 2452 346 2526; x_wconf 89' lang='lat' dir='ltr'>loquor,</span> <span class='ocrx_word' id='word_1_145' title='bbox 366 2453 520 2528; x_wconf 91' lang='lat' dir='ltr'>Hesperio</span> <span class='ocrx_word' id='word_1_146' title='bbox 536 2452 653 2528; x_wconf 92' lang='lat' dir='ltr'>positas</span> <span class='ocrx_word' id='word_1_147' title='bbox 669 2452 699 2509; x_wconf 94' lang='lat' dir='ltr'>in</span> <span class='ocrx_word' id='word_1_148' title='bbox 716 2453 802 2510; x_wconf 88' lang='lat' dir='ltr'>litore</span> <span class='ocrx_word' id='word_1_149' title='bbox 818 2460 915 2510; x_wconf 89' lang='lat' dir='ltr'>metas</span> 
     </span>
     <span class='ocr_line' id='line_1_24' title="bbox 130 2550 950 2629; baseline 0 -21"><span class='ocrx_word' id='word_1_150' title='bbox 130 2551 235 2609; x_wconf 89' lang='lat' dir='ltr'>umida</span> <span class='ocrx_word' id='word_1_151' title='bbox 250 2571 312 2609; x_wconf 88' lang='lat' dir='ltr'>nox</span> <span class='ocrx_word' id='word_1_152' title='bbox 326 2552 435 2629; x_wconf 88' lang='lat' dir='ltr'>tetigit.</span> <span class='ocrx_word' id='word_1_153' title='bbox 481 2555 553 2611; x_wconf 93' lang='lat' dir='ltr'>Non</span> <span class='ocrx_word' id='word_1_154' title='bbox 569 2562 616 2610; x_wconf 90' lang='lat' dir='ltr'>est</span> <span class='ocrx_word' id='word_1_155' title='bbox 632 2571 715 2610; x_wconf 92' lang='lat' dir='ltr'>mora</span> <span class='ocrx_word' id='word_1_156' title='bbox 732 2552 828 2610; x_wconf 91' lang='lat' dir='ltr'>libera</span> <span class='ocrx_word' id='word_1_157' title='bbox 843 2550 950 2622; x_wconf 91' lang='lat' dir='ltr'>nobis;</span> 
     </span>
     <span class='ocr_line' id='line_1_25' title="bbox 130 2651 886 2729; baseline 0.001 -21"><span class='ocrx_word' id='word_1_158' title='bbox 130 2651 292 2726; x_wconf 91' lang='lat' dir='ltr'>poscimur.</span> <span class='ocrx_word' id='word_1_159' title='bbox 338 2653 472 2729; x_wconf 86' lang='lat' dir='ltr'>Effulget</span> <span class='ocrx_word' id='word_1_160' title='bbox 488 2653 624 2710; x_wconf 91' lang='lat' dir='ltr'>tenebris</span> <span class='ocrx_word' id='word_1_161' title='bbox 639 2672 748 2710; x_wconf 87' lang='lat' dir='ltr'>aurora</span> <span class='ocrx_word' id='word_1_162' title='bbox 763 2651 886 2727; x_wconf 79' lang='lat' dir='ltr'>fugatis,</span> 
     </span>
     <span class='ocr_line' id='line_1_26' title="bbox 131 2751 905 2828; baseline -0.003 -18"><span class='ocrx_word' id='word_1_163' title='bbox 131 2751 258 2828; x_wconf 91' lang='lat' dir='ltr'>Corripe</span> <span class='ocrx_word' id='word_1_164' title='bbox 273 2751 339 2810; x_wconf 86' lang='lat' dir='ltr'>lora</span> <span class='ocrx_word' id='word_1_165' title='bbox 353 2772 447 2810; x_wconf 89' lang='lat' dir='ltr'>manu</span> <span class='ocrx_word' id='word_1_166' title='bbox 461 2789 503 2796; x_wconf 94' lang='grc'><strong>-</strong></span> <span class='ocrx_word' id='word_1_167' title='bbox 518 2753 575 2824; x_wconf 91' lang='lat' dir='ltr'>vel,</span> <span class='ocrx_word' id='word_1_168' title='bbox 592 2752 619 2810; x_wconf 94' lang='lat' dir='ltr'>si</span> <span class='ocrx_word' id='word_1_169' title='bbox 634 2751 780 2811; x_wconf 90' lang='lat' dir='ltr'>mutabile</span> <span class='ocrx_word' id='word_1_170' title='bbox 797 2760 905 2828; x_wconf 88' lang='lat' dir='ltr'>pectus</span> 
     </span>
     <span class='ocr_line' id='line_1_27' title="bbox 131 2851 885 2924; baseline 0 -16"><span class='ocrx_word' id='word_1_171' title='bbox 131 2860 177 2909; x_wconf 92' lang='lat' dir='ltr'>est</span> <span class='ocrx_word' id='word_1_172' title='bbox 192 2851 257 2924; x_wconf 85' lang='lat' dir='ltr'>tibi,</span> <span class='ocrx_word' id='word_1_173' title='bbox 274 2853 420 2924; x_wconf 89' lang='lat' dir='ltr'>consiliis,</span> <span class='ocrx_word' id='word_1_174' title='bbox 437 2873 499 2912; x_wconf 93' lang='lat' dir='ltr'>non</span> <span class='ocrx_word' id='word_1_175' title='bbox 516 2852 656 2910; x_wconf 88' lang='lat' dir='ltr'>curribus</span> <span class='ocrx_word' id='word_1_176' title='bbox 672 2862 756 2910; x_wconf 90' lang='lat' dir='ltr'>utere</span> <span class='ocrx_word' id='word_1_177' title='bbox 772 2851 885 2909; x_wconf 87' lang='lat' dir='ltr'>nostris</span> 
     </span>
     <span class='ocr_line' id='line_1_28' title="bbox 131 2950 920 3028; baseline -0.001 -19"><span class='ocrx_word' id='word_1_178' title='bbox 131 2950 203 3010; x_wconf 93' lang='lat' dir='ltr'>dum</span> <span class='ocrx_word' id='word_1_179' title='bbox 219 2962 308 3028; x_wconf 90' lang='lat' dir='ltr'>potes</span> <span class='ocrx_word' id='word_1_180' title='bbox 324 2962 354 3010; x_wconf 93' lang='lat' dir='ltr'>et</span> <span class='ocrx_word' id='word_1_181' title='bbox 370 2953 477 3012; x_wconf 90' lang='lat' dir='ltr'>solidis</span> <span class='ocrx_word' id='word_1_182' title='bbox 493 2953 669 3012; x_wconf 90' lang='lat' dir='ltr'>etiamnunc</span> <span class='ocrx_word' id='word_1_183' title='bbox 685 2953 811 3011; x_wconf 91' lang='lat' dir='ltr'>sedibus</span> <span class='ocrx_word' id='word_1_184' title='bbox 828 2960 920 3022; x_wconf 88' lang='lat' dir='ltr'>astas,</span> 
     </span>
     <span class='ocr_line' id='line_1_29' title="bbox 131 3051 1013 3128; baseline 0 -20"><span class='ocrx_word' id='word_1_185' title='bbox 131 3051 267 3127; x_wconf 93' lang='lat' dir='ltr'>dumque</span> <span class='ocrx_word' id='word_1_186' title='bbox 282 3053 362 3112; x_wconf 91' lang='lat' dir='ltr'>male</span> <span class='ocrx_word' id='word_1_187' title='bbox 377 3063 501 3128; x_wconf 90' lang='lat' dir='ltr'>optatos</span> <span class='ocrx_word' id='word_1_188' title='bbox 517 3054 654 3111; x_wconf 93' lang='lat' dir='ltr'>nondum</span> <span class='ocrx_word' id='word_1_189' title='bbox 669 3051 783 3128; x_wconf 89' lang='lat' dir='ltr'>premis</span> <span class='ocrx_word' id='word_1_190' title='bbox 800 3051 915 3110; x_wconf 87' lang='lat' dir='ltr'>inscius</span> <span class='ocrx_word' id='word_1_191' title='bbox 930 3068 1013 3108; x_wconf 88' lang='lat' dir='ltr'>axes.</span> 
     </span>
     <span class='ocr_line' id='line_1_30' title="bbox 132 3148 958 3228; baseline -0.001 -19"><span class='ocrx_word' id='word_1_192' title='bbox 132 3152 221 3225; x_wconf 88' lang='lat' dir='ltr'>Quae</span> <span class='ocrx_word' id='word_1_193' title='bbox 236 3161 320 3210; x_wconf 92' lang='lat' dir='ltr'>tutus</span> <span class='ocrx_word' id='word_1_194' title='bbox 336 3162 467 3228; x_wconf 90' lang='lat' dir='ltr'>spectes,</span> <span class='ocrx_word' id='word_1_195' title='bbox 484 3153 550 3211; x_wconf 91' lang='lat' dir='ltr'>sine</span> <span class='ocrx_word' id='word_1_196' title='bbox 566 3172 614 3211; x_wconf 93' lang='lat' dir='ltr'>me</span> <span class='ocrx_word' id='word_1_197' title='bbox 630 3154 703 3211; x_wconf 88' lang='lat' dir='ltr'>dare</span> <span class='ocrx_word' id='word_1_198' title='bbox 720 3151 835 3209; x_wconf 89' lang='lat' dir='ltr'>lumina</span> <span class='ocrx_word' id='word_1_199' title='bbox 850 3148 958 3210; x_wconf 62' lang='lat' dir='ltr'>terris?</span> 
     </span>
     <span class='ocr_line' id='line_1_31' title="bbox 174 3252 930 3327; baseline -0.005 -17"><span class='ocrx_word' id='word_1_200' title='bbox 174 3253 315 3327; x_wconf 89' lang='lat' dir='ltr'>Occupat</span> <span class='ocrx_word' id='word_1_201' title='bbox 330 3252 380 3309; x_wconf 90' lang='lat' dir='ltr'>ille</span> <span class='ocrx_word' id='word_1_202' title='bbox 396 3253 494 3310; x_wconf 91' lang='lat' dir='ltr'>levem</span> <span class='ocrx_word' id='word_1_203' title='bbox 510 3252 643 3310; x_wconf 89' lang='lat' dir='ltr'>iuvenali</span> <span class='ocrx_word' id='word_1_204' title='bbox 659 3270 785 3327; x_wconf 88' lang='lat' dir='ltr'>corpore</span> <span class='ocrx_word' id='word_1_205' title='bbox 801 3269 930 3323; x_wconf 87' lang='lat' dir='ltr'>currum,</span> 
     </span>
    </p>
   </div>
   <div class='ocr_carea' id='block_1_3' title="bbox 0 0 1257 3682">
    <p class='ocr_par' dir='ltr' id='par_1_3' title="bbox 0 0 1257 3682">
     <span class='ocr_line' id='line_1_32' title="bbox 0 0 1257 3682; baseline 0 0"><span class='ocrx_word' id='word_1_206' title='bbox 0 0 1257 3682; x_wconf 95' lang='lat' dir='ltr'> </span> 
     </span>
    </p>
   </div>
  </div>
 </body>
</html>
