2504 3682
419 261 754 312 AUTOBIOGRAPHY.

88 430 188 487 Tacta
203 426 278 486 mihi
292 427 417 487 tandem
434 428 534 508 longis
549 430 704 490 erroribus
719 441 789 491 acto

129 528 234 588 iuncta
248 528 434 605 pharetratis
452 530 598 589 Sarmatis
614 549 668 590 ora
683 531 780 592 Getis.

91 629 152 688 Hic
168 647 226 706 ego
242 627 379 688 finitimis
395 629 535 705 quamvis
552 631 760 691 circumsoner
775 632 876 708 armis,

130 728 238 802 tristia,
254 747 316 805 quo
331 714 468 807 possum,
485 729 620 790 carmine
634 732 701 791 fata
716 732 793 793 levo.

88 830 182 904 Quod
198 829 338 906 quamvis
354 848 445 890 nemo
460 840 508 890 est
525 830 612 890 cuius
628 833 776 892 referatur
792 834 831 893 ad
847 853 946 908 aurea,

130 930 175 989 sic
190 939 292 990 tamen
310 930 439 990 absumo
454 930 637 1008 decipioque
653 932 744 992 diem.

90 1034 170 1108 Ergo
186 1030 269 1106 quod
284 1030 362 1104 vivo,
380 1030 527 1107 durisque
543 1032 701 1092 laboribus
717 1034 817 1107 obsto,

130 1149 189 1189 nec
204 1148 253 1189 me
269 1129 418 1191 sollicitae
436 1131 540 1191 taedia
555 1131 632 1190 lucis
647 1133 772 1208 habent,

87 1230 195 1309 gratia,
213 1231 314 1302 Musa,
332 1230 405 1292 tibi!
453 1233 482 1290 N
486 1250 534 1289 am
550 1243 583 1290 tu
599 1233 714 1292 solacia
730 1236 869 1312 praebeS,

130 1343 163 1392 tu
179 1352 270 1393 curae
286 1334 416 1410 requies,
434 1344 468 1394 tu
484 1334 637 1394 medicina
652 1336 748 1396 venis.

89 1436 137 1492 Tu
153 1434 215 1492 dux
230 1443 261 1494 et
276 1453 380 1495 comes
397 1454 440 1496 es.
486 1436 533 1495 Tu
550 1455 607 1494 nos
623 1436 752 1498 abducis
768 1439 806 1499 ab
824 1437 941 1511 Histro,

130 1535 161 1592 in
177 1535 342 1612 medioque
355 1535 430 1594 mihi
445 1536 501 1596 das
519 1535 673 1597 Helieone
689 1538 798 1599 locum.

89 1636 138 1693 Tu
152 1634 236 1708 mihi,
253 1635 336 1711 quod
352 1611 452 1695 rarirm
469 1647 524 1710 est,
542 1637 612 1696 vivo
628 1638 760 1698 sublime
775 1637 889 1698 dedisti

130 1753 254 1808 nomen,
271 1737 310 1795 ab
326 1737 481 1813 exsequiis
497 1738 580 1814 quod
597 1738 670 1798 dare
686 1740 770 1798 lama
785 1740 873 1799 solet.

91 1836 166 1914 Nec,
183 1835 235 1911 qui
251 1836 402 1897 detrectat
417 1837 600 1914 praesentia,
619 1839 711 1899 Livor
726 1839 832 1916 iniquo

131 1935 226 1995 ullum
242 1935 281 1996 de
296 1937 411 1996 nostris
426 1938 519 1998 dente
535 1939 698 1999 momordit
713 1959 801 2018 opus.

91 2037 171 2094 Nam
187 2035 313 2096 tulerint
327 2056 456 2114 magnos
472 2057 540 2098 cum
557 2041 681 2098 saecula
697 2051 803 2102 nostra
819 2051 936 2119 poetas,

99 2119 101 2122 ยน
130 2153 194 2194 non
209 2136 269 2195 fuit
283 2136 408 2214 ingenio
422 2138 505 2196 lama
521 2139 655 2217 maligna
671 2159 749 2200 meo,

90 2238 232 2312 Cumque
247 2255 305 2315 ego
321 2256 509 2315 praeponam
525 2240 637 2299 multos
653 2241 735 2314 mihi,
754 2260 815 2301 non
831 2243 931 2302 minor
946 2243 1006 2302 illis

130 2336 217 2396 dicor
232 2347 263 2396 et
278 2336 309 2395 in
325 2343 390 2396 toto
405 2338 554 2416 plurimus
569 2341 643 2400 orbe
659 2341 752 2419 legor.

90 2436 200 2512 Siquid
215 2436 331 2496 habent
347 2437 438 2515 igitur
453 2449 557 2499 vatum
572 2441 733 2518 praesagia
748 2442 821 2515 veri,

130 2537 271 2614 protinus
287 2547 320 2597 ut
335 2538 455 2612 moriar,
473 2559 535 2599 non
551 2559 612 2613 ero,
628 2550 718 2613 terra,
735 2551 815 2603 tuus.
1040 2556 1086 2608 ยน30

90 2637 160 2697 Sive
176 2637 281 2696 favore
297 2638 362 2711 tuli,
379 2639 444 2699 sive
460 2640 540 2698 hanc
555 2660 612 2719 ego
629 2641 763 2702 carmine
778 2643 901 2716 famam,

129 2737 194 2797 iure
211 2737 267 2795 tibi
282 2748 394 2815 grates,
411 2740 544 2799 candide
560 2741 663 2815 lector,
681 2761 747 2820 ago.
