2504 3682
124 202 157 252 48
343 201 707 250 METAMORPHOSEON
727 202 763 249 11.
798 213 894 252 285-344

126 373 237 430 Hosne
253 370 327 428 mihi
342 372 469 443 fructus,
480 371 568 429 bunc
583 369 750 430 fertilitatis
764 371 912 431 honorem
1071 371 1102 421 28
1107 385 1120 437 5

124 471 278 548 officiique
294 471 398 542 referS,
416 470 500 547 quod
516 470 629 528 adunci
645 471 771 528 vulnera
787 471 877 530 aratri

124 582 351 652 rastrorumque
366 571 433 630 tero
448 580 575 647 totoque
591 589 735 630 exerceor
750 590 840 643 ann0,

124 672 207 748 quod
222 671 326 748 pecori
341 671 476 744 frondes
494 671 703 747 alimentaque
719 669 813 743 mitia,
829 672 934 748 fruges

123 773 258 830 humano
273 771 388 850 generi,
406 772 495 832 vobis
511 791 634 849 quoque
650 781 718 839 tura
734 771 895 830 ministro?

125 873 186 931 Sed
201 882 304 932 tamen
320 873 447 946 exitium
462 873 512 934 fac
528 892 576 931 me
593 873 749 944 meruisse,
768 872 842 948 quid
858 873 968 944 undae,
1070 886 1118 937 290

124 973 199 1048 quid
214 973 323 1032 meruit
337 975 454 1034 irater?
477 993 530 1032 cur
545 973 588 1031 illi
603 973 715 1032 tradita
732 983 813 1032 sorte

123 1091 259 1148 aequora
274 1073 456 1132 decrescunt
472 1083 503 1132 et
517 1074 556 1131 ab
573 1074 696 1136 aethere
711 1073 833 1149 longius
849 1074 983 1132 absunt?

124 1172 245 1245 Quodsi
260 1192 318 1233 nec
332 1172 437 1232 fratris
452 1193 510 1232 nec
526 1183 555 1232 te
571 1192 639 1232 mea
654 1173 752 1250 gratia
767 1173 873 1250 tangit,

125 1281 155 1330 at
170 1273 249 1331 caeli
264 1272 408 1332 miserere
424 1273 477 1332 tui.
524 1273 734 1349 Circumspice
751 1283 922 1348 utrumque,

121 1373 220 1431 fumat
232 1383 364 1448 uterque
379 1374 478 1448 polus
523 1374 610 1446 Quos
626 1373 652 1431 si
668 1373 821 1431 vitiaverit
836 1373 924 1449 ignis,
1069 1385 1116 1435 295

123 1473 200 1531 atria
215 1483 318 1533 vestra
332 1483 430 1532 ruent.
474 1473 562 1532 Atlas
578 1492 616 1532 en
633 1473 699 1549 ipse
714 1473 834 1532 laborat

123 1573 235 1650 vixque
251 1573 315 1632 suis
332 1574 444 1632 umeris
460 1575 644 1633 candentem
660 1573 792 1635 sustinet
807 1591 903 1631 axem.

124 1673 155 1732 Si
170 1675 258 1748 freta,
277 1673 303 1732 si
318 1684 417 1733 terrae
433 1684 570 1750 pereunt,
588 1674 614 1733 si
629 1673 714 1750 regia
729 1673 816 1747 caeli,

122 1773 153 1831 in
169 1774 264 1833 chaos
280 1774 440 1850 antiquum
456 1773 682 1834 confundimur.
729 1773 820 1850 Eripe
836 1772 966 1831 flammis

123 1874 148 1932 si
165 1874 239 1951 quid
255 1875 356 1934 adhuc
372 1884 522 1950 superest,
540 1884 570 1932 et
586 1894 685 1933 rerum
702 1874 830 1932 consule
847 1873 1001 1931 summae)
1068 1886 1116 1935 300

165 1975 294 2034 Dixerat
309 1976 386 2034 haec
401 1975 525 2046 Tellus;
548 1993 649 2050 neque
665 1973 747 2032 enim
763 1974 892 2032 tolerare
908 1991 1052 2049 vaporem

122 2074 249 2133 ulterius
264 2075 365 2150 potuit
380 2094 437 2134 nec
454 2075 557 2133 dicere
573 2075 668 2150 plura,
686 2093 836 2150 suumque

122 2174 238 2232 rettulit
252 2194 287 2232 os
303 2175 334 2232 in
351 2194 384 2233 se
400 2174 605 2250 propioraque
622 2175 764 2232 manibus
780 2183 875 2232 antra.

122 2277 164 2333 At
179 2284 267 2351 pater
282 2275 486 2350 omnipotens,
504 2294 633 2350 superos
648 2284 778 2333 testatus
794 2283 825 2332 et
840 2274 940 2349 ipsum

123 2375 175 2450 qui
191 2375 319 2433 dederat
335 2394 451 2447 currus,
468 2374 528 2433 nisi
543 2394 632 2451 opem
649 2375 736 2446 ierat,
754 2373 857 2460 omnia
871 2374 936 2431 fato
1068 2385 1115 2437 305

122 2473 282 2539 interitura
296 2475 389 2552 gravi,
407 2495 558 2533 summam
574 2475 652 2551 petit
667 2475 785 2533 arduus
797 2492 896 2532 arcem

122 2575 204 2632 unde
220 2575 298 2633 solet
314 2576 383 2634 latis
400 2577 498 2634 nubes
514 2576 660 2634 inducere
676 2575 774 2647 terris,

123 2675 204 2733 unde
220 2685 321 2734 movet
336 2676 467 2734 tonitrus
482 2676 664 2751 vibrataque
679 2675 809 2732 fulmina
824 2673 925 2732 iactat.

125 2775 186 2833 Sed
201 2794 301 2852 neque
318 2796 395 2852 quas
411 2786 519 2852 posset
534 2776 622 2836 terris
638 2775 785 2834 inducere
801 2775 899 2833 nubes

122 2884 196 2934 tunc
211 2877 326 2949 habuit,
345 2896 401 2935 nec
418 2896 495 2952 quos
511 2877 597 2934 caelo
613 2875 786 2935 demitteret
802 2875 922 2933 imbres
1068 2887 1116 2937 3ῐο

124 2979 249 3034 Intonat
264 2987 295 3035 et
310 2977 417 3036 dextra
432 2977 574 3036 libratum
589 2977 705 3036 fulmen
723 2977 761 3034 ab
778 2995 849 3033 aure

124 3075 205 3134 misit
220 3077 251 3133 in
267 3077 403 3153 aurigam
419 3077 594 3153 pariterque
611 3077 774 3152 animaque
789 3076 925 3150 rotisque

123 3177 239 3252 expulit
255 3186 287 3235 et
301 3177 401 3236 saevis
417 3177 608 3253 compescuit
623 3176 746 3253 ignibus
763 3175 857 3251 ignes

124 3277 369 3334 Consternantur
383 3278 454 3353 equi
471 3287 501 3335 et
517 3279 596 3335 saltu
612 3277 642 3333 in
659 3275 812 3334 contraria
827 3276 910 3334 facto
