2504 3682
579 197 626 244 IO.

103 367 253 446 languida
268 366 462 444 permulcens
479 365 633 425 medicata
647 365 764 423 lumina
778 364 871 441 virga.

106 471 174 527 Nec
188 487 282 540 mora,
297 468 411 526 falcato
427 476 586 526 nutantem
601 466 742 525 vulnerat
757 483 832 524 ense

106 587 169 645 qua
184 567 263 626 collo
278 577 326 627 est
340 567 461 626 confine
476 576 578 643 caput,
595 585 731 642 saxoque
747 574 908 624 cruentum

106 667 202 728 deicit
217 677 248 726 et
262 667 396 727 maculat
410 675 605 744 praeruptam
622 665 772 743 sanguine
787 684 903 741 rupem.

108 773 199 846 Arge,
216 767 317 842 iaces3
342 768 486 845 quodque
503 767 534 825 in
550 777 597 826 tot
611 765 728 825 lumina
742 767 846 824 lumen
861 764 1008 837 habebaS,
1054 776 1103 824 7²0

108 869 292 928 exstinctum
307 878 363 940 est,
381 878 566 944 centumque
583 868 690 926 oculos
706 885 768 924 nox
782 875 914 942 occupat
929 885 998 925 una.

110 968 231 1045 Excipit
247 969 303 1027 hos
318 968 512 1044 volucrisque
528 987 603 1026 suae
620 967 764 1026 Saturnia
779 967 889 1042 pennis

108 1069 251 1128 conlocat
265 1078 296 1127 et
310 1068 440 1146 gemmis
455 1069 585 1127 caudam
602 1067 797 1126 stellantibus
814 1067 927 1142 implet.

151 1170 295 1228 Protinus
311 1168 425 1227 exarsit
441 1187 498 1228 nec
513 1178 653 1244 tempora
668 1167 787 1226 distulit
802 1166 874 1239 irae,

109 1269 349 1345 horriferamque
365 1268 462 1328 oculis
478 1268 643 1344 animoque
658 1266 773 1326 obiecit
790 1267 903 1344 Erinyn

109 1369 237 1446 paelicis
252 1369 423 1446 Argolicae,
441 1368 643 1445 stimulosque
660 1367 691 1426 in
707 1376 832 1444 pectore
848 1386 958 1427 caecos

110 1469 257 1540 condidit,
274 1478 305 1528 et
319 1470 481 1546 profugam
496 1487 552 1544 per
566 1477 663 1527 totum
680 1468 787 1527 terruit
801 1469 916 1526 orbem.

111 1570 247 1629 Ultimus
263 1569 413 1628 immenso
428 1569 577 1642 restabas‚
595 1569 675 1641 Nile,
692 1567 798 1627 labori.

111 1671 212 1744 Quem
228 1669 356 1729 simulac
371 1668 479 1746 tetigit,
496 1668 606 1745 positis
622 1668 654 1728 in
669 1668 807 1745 margine
822 1669 906 1744 ripae

110 1770 273 1847 procubuit
287 1770 427 1847 genibus,
444 1769 651 1845 resupinoque
667 1770 764 1828 ardua
778 1769 866 1839 collo,

111 1890 189 1947 quos
204 1870 305 1946 potuit
320 1871 411 1942 solos
427 1870 540 1929 tollens
556 1869 595 1928 ad
611 1869 713 1929 sidera
727 1870 838 1942 vultus,

111 1981 142 2030 et
156 1970 272 2048 gemitu
287 1980 318 2029 et
333 1969 466 2030 lacrimis
482 1980 513 2028 et
527 1969 680 2028 luctisono
696 1969 814 2046 mugitu

111 2091 181 2130 cum
197 2073 271 2130 love
286 2070 352 2128 visa
367 2071 454 2147 queri
468 2079 517 2129 est
531 2071 687 2146 finemque
703 2089 789 2129 orare
805 2069 962 2128 malorum.

112 2170 262 2249 Coniugis
278 2171 328 2228 ille
344 2190 418 2230 suae
434 2170 611 2246 complexus
628 2171 708 2230 colla
724 2169 855 2242 lacertis

111 2271 199 2330 finiat
214 2281 247 2330 ut
262 2289 379 2346 poenas
395 2271 529 2342 tandem,
546 2280 642 2347 rogat,
660 2271 732 2328 ‘ln’
750 2289 810 2346 que
827 2271 977 2329 ‘futurum

111 2391 193 2449 pone
209 2372 327 2442 metus,’
344 2370 453 2447 inquit,
472 2378 656 2446 ‘numquam
672 2370 728 2429 tibi
744 2389 838 2429 causa
853 2370 967 2430 doloris

111 2474 190 2531 haec
205 2471 279 2531 erit'
296 2481 327 2530 et
343 2471 464 2548 Stygias
480 2470 565 2529 iubet
580 2471 640 2529 hoc
656 2470 761 2529 audire
777 2471 914 2547 paludes.

112 2573 157 2631 Ut
171 2571 266 2631 lenita
281 2571 341 2630 dea
356 2580 411 2642 est,
428 2571 532 2629 vultus
548 2571 630 2647 capit
646 2571 697 2628 illa
714 2570 830 2646 priores

111 2674 207 2749 fitque
223 2671 306 2748 quod
323 2681 393 2729 ante
409 2671 475 2730 fuit.
522 2670 656 2752 Fugiunt
671 2690 688 2730 e
703 2690 831 2747 corpore
846 2681 959 2744 saetae,

112 2792 227 2832 cornua
243 2771 435 2843 decrescunt,
453 2771 487 2830 fit
501 2771 626 2830 luminis
642 2771 735 2831 artior
750 2772 842 2844 orbis,

112 2872 303 2932 contrahitur
317 2872 420 2944 rictus,
437 2872 566 2930 redeunt
581 2872 739 2948 umerique
755 2891 935 2948 manusque,

112 2972 289 3050 ungulaque
305 2972 336 3030 in
354 2971 465 3048 quinos
481 2972 601 3048 dilapsa
616 2972 787 3031 absumitur
803 2991 929 3049 ungues.

114 3075 162 3133 De
177 3074 257 3132 bove
274 3071 316 3130 nil
332 3083 481 3148 superest,
498 3073 615 3132 formae
632 3073 691 3131 nisi
706 3074 830 3144 candor,
848 3072 878 3129 in
895 3073 954 3130 illa.

113 3173 286 3249 Officioque
302 3174 415 3248 pedum
432 3174 565 3251 nymphe
581 3183 727 3232 contenta
742 3174 872 3234 duorum

112 3274 247 3351 erigitur,
265 3273 434 3350 metuitque
450 3272 544 3349 loqui,
562 3293 600 3332 ne
617 3292 700 3331 more
717 3274 863 3332 iuvencae
