2504 3682
152 178 186 228 30
381 179 744 228 METAMORPHOSEON
764 180 785 227 1.
821 190 924 228 fita-685.
1005 246 1008 251 Ι

155 347 273 408 Naides
288 347 438 424 ignorant,
456 347 576 425 ignorat
592 357 623 407 et
640 349 776 407 Inachus
792 349 867 425 ipse,

155 467 233 524 quae
250 447 298 507 sit.
343 451 385 507 At
401 448 452 506 illa
467 458 585 524 patrem
602 450 741 526 sequitur
757 449 955 524 sequiturque
972 468 1102 522 sorores

155 560 185 608 et
200 547 313 626 patitur
328 547 412 626 tangi
429 568 524 625 seque
541 550 766 608 admirantibus
782 549 880 608 offert.

157 652 328 725 Decerptas
344 648 447 708 senior
462 660 640 725 porrexerat
657 650 792 708 Inachus
808 650 935 722 herbas;
1103 649 1155 714 645

155 750 206 807 illa
222 769 331 808 manus
346 749 453 809 lambit
468 750 637 826 patriisque
655 751 707 809 dat
723 750 830 808 oscula
845 749 963 826 palmis,

156 870 213 909 nec
228 849 340 909 retinet
355 851 497 910 lacrimas
513 860 550 922 et,
569 851 595 908 si
610 851 702 909 modo
718 851 812 908 verba
828 861 1005 926 sequantur,

156 960 222 1008 oret
237 970 327 1026 opem
342 971 518 1026 nomenque
535 970 624 1009 suum
640 970 792 1027 casusque
808 952 959 1027 loquatur.

157 1051 272 1110 Littera
287 1071 342 1127 pro
357 1052 469 1123 verbis,
487 1071 579 1127 quam
594 1071 650 1127 pes
666 1051 697 1109 in
713 1051 838 1128 pulvere
854 1051 949 1124 duxit,

156 1151 294 1228 corporis
309 1151 456 1210 indicium
473 1152 581 1210 mutati
597 1152 683 1210 triste
699 1151 827 1229 peregit.
950 1201 954 1210 .
1103 1151 1155 1216 650

199 1253 266 1310 ‘Me
279 1251 423 1310 miserum
434 1253 455 1310 l’
476 1253 626 1311 exclamat
638 1262 726 1329 pater
737 1253 880 1324 InachuS,
896 1254 989 1328 inque
1000 1247 1154 1329 gementis

157 1352 302 1412 cornibus
318 1361 349 1411 et
364 1352 471 1410 niveae
487 1353 628 1428 pendens
644 1352 763 1411 cervice
780 1353 927 1411 iuvencae

159 1455 230 1511 ‘Me
246 1453 407 1511 miserum!
421 1454 426 1478 ’
451 1453 628 1529 ingeminat,
644 1460 733 1511 ‘tune
745 1473 779 1511 es
793 1451 932 1528 quaesita
947 1472 1001 1528 per
1016 1473 1131 1524 omnes

157 1563 238 1625 nata,
256 1552 330 1610 mihi
345 1555 463 1611 terras?
488 1562 520 1609 tu
535 1572 596 1610 non
614 1551 739 1611 inventa
754 1563 875 1628 reperta

158 1655 259 1712 luctus
274 1672 342 1712 eras
358 1653 461 1713 levior.
508 1653 642 1725 Retices,
660 1673 718 1712 nec
733 1663 839 1711 mutua
854 1653 967 1712 nostris
1103 1652 1153 1717 655

158 1753 243 1813 dicta
256 1747 362 1827 refers
379 1755 441 1812 alto
456 1763 576 1813 tantum
592 1755 724 1830 suspiria
740 1754 827 1812 ducis

158 1864 290 1930 pectore,
307 1856 453 1931 quodque
470 1874 564 1912 unum
579 1863 678 1930 potes,
697 1855 736 1912 ad
753 1874 820 1913 mea
834 1856 929 1913 verba
944 1855 1084 1931 remugis

160 1958 200 2013 At
216 1955 272 2012 tibi
287 1973 344 2031 ego
361 1954 485 2031 ignarus
501 1955 653 2013 thalamos
669 1955 838 2030 taedasque
854 1955 1009 2030 parabam,

160 2073 292 2131 spesque
306 2055 364 2112 luit
379 2055 484 2130 generi
500 2054 575 2113 mihi
590 2055 697 2131 prima,
715 2056 852 2113 secunda
867 2065 1022 2131 nepotum.

161 2157 208 2212 De
220 2174 312 2230 grege
325 2174 408 2212 nunc
419 2154 475 2212 tibi
487 2155 539 2226 vir,
554 2175 636 2213 nunc
648 2156 687 2214 de
698 2174 790 2231 grege
803 2164 894 2213 natus
906 2156 1076 2214 habendus.
1103 2154 1152 2202 660
1174 2229 1177 2233 ι

161 2257 227 2313 Nec
241 2254 328 2313 finire
344 2255 417 2313 licet
431 2263 535 2313 tantos
551 2254 625 2311 mihi
641 2264 737 2313 morte
754 2256 892 2327 dolores;

160 2355 216 2413 sed
231 2364 322 2414 nocet
338 2373 405 2413 esse
422 2354 522 2427 deum,
539 2355 762 2431 praeclusaque
778 2355 871 2413 ianua
887 2356 939 2414 leti

160 2464 318 2513 aeternum
334 2465 457 2513 nostros
473 2455 574 2514 luctus
590 2455 729 2513 extendit
744 2455 775 2513 in
792 2458 920 2515 aevum!

201 2555 291 2613 Talia
305 2565 493 2614 maerentem
509 2556 649 2614 stellatus
664 2557 827 2615 submovet
842 2560 943 2632 Argus

161 2665 358 2733 ereptamque
373 2655 453 2731 patri
469 2655 590 2714 diversa
606 2656 637 2714 in
653 2676 769 2732 pascua
784 2666 887 2714 natam
1103 2655 1151 2720 665

160 2755 320 2814 abstrahit.
366 2756 444 2814 Inde
459 2757 567 2832 procul
583 2757 695 2815 montis
712 2757 842 2815 sublime
859 2776 1006 2816 cacumen

160 2866 300 2933 occupat,
317 2857 399 2915 unde
415 2857 527 2915 sedens
543 2867 646 2932 partes
662 2857 840 2933 speculatur
854 2857 886 2914 in
902 2877 1018 2916 omnes.

203 2958 270 3015 Nec
286 2976 429 3033 superum
444 2967 542 3016 rector
557 2958 638 3015 mala
653 2966 739 3016 tanta
756 2956 948 3015 Phoronidos
964 2958 1042 3015 ultra

160 3057 239 3115 ferre
255 3066 366 3133 potest,
383 3068 550 3134 natumque
565 3068 663 3129 vocat,
681 3076 772 3131 quem
788 3057 890 3116 lucida
905 3068 994 3134 partu

162 3157 263 3215 Pleias
279 3158 369 3215 enixa
384 3167 439 3231 est,
456 3158 580 3234 letoque
596 3158 656 3229 det,
674 3157 812 3233 imperat,
830 3159 955 3234 Argum.

162 3259 261 3317 Parva
276 3276 360 3316 mora
376 3267 422 3317 est
437 3257 502 3315 alas
517 3258 650 3333 pedibus
666 3257 844 3336 virgamque
859 3256 977 3336 potenti
