2504 3682
131 173 163 222 28
359 171 724 218 METAMORPHOSEON
744 171 764 216 Ι.
800 180 903 218 sor-ou.

132 362 191 401 vox
206 350 297 399 canet
312 348 343 398 et
358 338 459 397 visent
473 337 582 415 longas
599 337 753 414 Capitolia
768 357 906 414 pompas

134 441 277 500 Postibus
294 438 442 516 Augustis
458 437 566 496 eadem
581 438 730 496 fidissima
746 448 849 496 custos

134 551 204 600 ante
219 541 302 599 iores
318 539 415 598 stabis
429 539 624 614 mediamque
640 539 765 598 tuebere
781 558 935 615 quercum.

134 644 239 718 thue
255 659 356 699 meum
371 639 503 698 intonsis
519 648 612 716 eaput
626 649 673 698 est
690 639 830 698 iuvenale
846 640 973 715 capillis,

134 753 166 800 tu
182 760 304 818 quoque
320 749 485 817 perpetuos
501 759 622 816 semper
637 759 707 817 gere
723 739 842 798 frondis
857 740 1010 798 honores'
1081 738 1129 804 565

135 842 269 901 Finierat
285 844 398 900 Paean.
445 841 547 899 Factis
564 842 655 899 modo
670 841 774 898 laurea
789 841 881 899 ramis

135 943 251 1016 adnuit,
269 951 363 1018 utque
379 952 472 1018 eaput
487 941 553 1000 visa
569 950 617 1000 est
632 941 766 1018 agitasse
782 960 938 1000 cacumen.

177 1045 232 1101 Est
246 1061 354 1100 nemus
372 1041 574 1114 Haemoniae,
586 1051 751 1119 praerupta
763 1042 846 1117 quod
861 1042 998 1116 undique
1013 1041 1130 1099 claudit

136 1143 220 1202 silva.
264 1145 386 1202 Vocant
401 1144 527 1218 Tempe.
573 1144 630 1201 Per
645 1162 724 1219 quae
742 1145 862 1200 Peneiis
879 1143 917 1200 ab
935 1143 994 1199 imo

136 1243 252 1302 effusus
269 1243 369 1301 Pindo
384 1243 539 1318 spumosis
554 1242 685 1312 volvitur
700 1243 792 1301 undis
1082 1253 1130 1305 570

136 1343 320 1418 deiectuque
335 1343 420 1420 gravi
435 1351 545 1401 tenues
561 1343 709 1419 agitantia
723 1343 824 1402 fumos

136 1444 242 1503 nubila
257 1443 411 1516 conducit,
428 1443 616 1519 summisque
633 1443 794 1520 aspergine
810 1444 894 1502 silvis

138 1544 258 1620 impluit
273 1553 304 1602 et
319 1545 423 1602 sonitu
438 1544 507 1619 plus
523 1564 615 1619 quam
630 1543 731 1602 vicina
746 1543 862 1620 fatigat.

139 1647 228 1702 Haec
244 1645 361 1716 domus,
378 1645 455 1702 haec
470 1645 570 1717 sedes,
587 1645 664 1720 halec
680 1654 750 1703 sunt
766 1645 936 1721 penetralia
951 1643 1053 1720 magni

138 1745 247 1805 amnis.
293 1747 329 1803 In
346 1744 394 1803 his
410 1745 550 1805 residens
565 1746 647 1804 iacto
662 1746 701 1804 de
717 1745 858 1804 cautibus
874 1755 961 1802 antro
1084 1755 1130 1808 575

138 1846 229 1905 undis
245 1847 311 1905 iura
325 1847 420 1905 dabat
436 1846 640 1925 nymphisque
655 1846 828 1905 colentibus
844 1846 952 1903 undas

140 1947 337 2006 Conveniunt
351 1947 423 2006 illuc
438 1948 599 2024 popularia
614 1947 740 2005 flumina
755 1947 894 2022 primum,

139 2048 243 2106 nescia
258 2057 414 2124 gratentur
428 2049 666 2106 consolenturne
681 2057 847 2124 parentem,

139 2147 292 2222 populifer
309 2147 473 2222 Sperchios
489 2157 520 2205 et
536 2147 724 2222 inrequietus
742 2147 878 2223 Enipeus

140 2243 364 2323 Apidanusque
380 2266 475 2306 senex
489 2247 629 2323 lenisque
645 2247 837 2324 Amphrysus
852 2257 882 2305 et
899 2251 989 2318 AeaS,
1085 2245 1131 2310 580

139 2366 271 2422 moxque
288 2366 395 2406 amnes
411 2347 462 2405 alii
478 2347 539 2423 qui,
556 2366 617 2423 qua
632 2346 702 2405 tulit
717 2346 850 2423 impetus
865 2347 942 2418 illos,

139 2449 170 2504 in
187 2467 270 2506 mare
286 2449 443 2506 deducunt
457 2449 558 2506 fessas
573 2447 726 2506 erroribus
742 2448 850 2506 undas

141 2548 277 2607 Inachus
293 2567 372 2606 unus
389 2549 477 2606 abest
493 2549 615 2623 imoque
630 2547 807 2606 reconditus
823 2557 910 2606 antro

139 2649 263 2707 fletibus
279 2658 369 2725 auget
385 2665 490 2724 aquae,
507 2659 671 2725 natamque
687 2649 872 2708 miserrimus
890 2651 924 2705 lo

140 2749 223 2826 luget
238 2758 271 2807 ut
286 2748 438 2808 amissam.
484 2749 592 2808 Nescit
607 2750 709 2809 vitane
724 2750 841 2807 fruatur

141 2869 178 2906 an
197 2849 236 2908 sit
252 2848 334 2924 apud
350 2867 464 2908 manes
511 2850 572 2909 Sed
589 2869 680 2925 quam
696 2869 758 2908 non
775 2849 891 2907 invenit
906 2868 1044 2924 usquam,

141 2969 209 3008 esse
225 2957 312 3026 putat
327 2969 478 3025 nusquam
496 2959 586 3025 atque
603 2950 705 3008 animo
721 2951 826 3026 peiora
841 2958 968 3008 veretur.

185 3150 322 3226 (Jupiter
334 3151 399 3207 laod
415 3152 498 3207 loved
510 3153 551 3220 lo,
569 3154 621 3208 but
633 3169 668 3207 on
691 3159 808 3208 account
821 3151 858 3223 of
872 3152 918 3207 tlte
926 3152 1063 3224 jealousy

141 3251 262 3323 ofsuno
276 3252 312 3306 lie
326 3251 456 3338 changed
466 3251 521 3306 laer
534 3251 594 3306 into
608 3270 627 3306 a
642 3251 690 3306 hei
702 3249 757 3325 er.)
