2504 3682
416 257 749 308 AUTOBIOGRAPHY.

89 427 126 484 Et
141 423 241 484 tenuit
256 433 378 484 nostras
394 443 576 486 numerosus
594 425 743 486 Horatius
758 445 848 487 aures

127 526 201 584 dum
215 524 288 584 ferit
302 525 442 585 Ausonia
457 526 595 585 carmina
609 527 690 586 culta
705 527 779 607 lyra.

88 625 255 705 Vergilium
271 625 334 685 vidi
350 636 490 698 tantum;
513 645 571 687 nec
586 646 690 686 amara
705 627 828 688 Tibullo

127 736 249 803 tempus
265 726 416 787 amicitiae
431 728 497 786 lata
512 728 626 788 dedere
641 746 737 788 meae.

87 829 254 887 Successor
268 826 326 886 luit
341 827 391 886 hic
407 827 471 900 tibi,
487 827 594 900 Galle3
618 829 795 905 Propertius
810 828 871 901 illi;

128 935 256 1003 quartus
272 927 312 986 ab
327 927 375 987 his
392 927 470 987 serie
487 929 634 1005 temporis
653 929 720 1005 ipse
734 929 788 989 lui.

87 1030 193 1104 thue
208 1047 267 1105 ego
282 1027 421 1100 maiores,
439 1029 484 1088 sic
501 1047 549 1088 me
564 1029 687 1088 coluere
703 1028 845 1104 minores,
1051 1044 1081 1098 ss

128 1138 263 1204 notaque
280 1147 341 1187 non
356 1129 444 1188 tarde
459 1129 542 1188 lacta
558 1129 670 1188 Thalia
684 1149 752 1190 mea
768 1141 825 1192 est.

85 1229 232 1289 Carmina
249 1248 317 1287 cum
333 1229 464 1304 primum
481 1230 597 1306 populo
613 1229 766 1290 iuvenalia
781 1232 850 1309 legi,

127 1330 224 1388 barba
240 1337 359 1388 resecta
374 1327 449 1387 mihi
463 1329 550 1389 bisve
566 1332 699 1390 semelve
715 1333 780 1392 luit.

86 1432 229 1490 Moverat
246 1429 402 1507 ingenium
418 1439 513 1489 totam
529 1440 652 1491 cantata
667 1451 721 1509 per
737 1433 853 1493 Urbem

128 1531 252 1589 nomine
268 1549 329 1589 non
346 1549 418 1590 vero
434 1530 516 1591 dicta
532 1531 667 1592 Corinna
681 1533 765 1592 mihi.

86 1634 189 1692 Multa
204 1633 327 1710 quidem
343 1634 468 1712 scripsi3
492 1636 548 1694 sed
564 1654 644 1712 quae
659 1635 770 1694 vitiosa
785 1634 899 1711 putavi,

129 1733 337 1793 emendaturis
353 1734 475 1812 ignibus
491 1735 557 1813 ipse
573 1735 654 1794 dedi.

86 1836 177 1894 Tunc
193 1852 325 1910 quoque,
343 1853 411 1894 curn
426 1836 572 1914 lugerem,
590 1836 742 1911 quaedam
758 1835 907 1912 placitura
922 1837 1064 1911 cremavi,

128 1934 224 1993 iratus
241 1935 342 1995 studio
357 1936 604 2013 carminibusque
619 1937 704 1996 meis.

88 2034 185 2094 Molle
201 2035 383 2112 Cupidineis
398 2055 457 2096 nec
471 2037 708 2113 inexpugnabile
724 2037 793 2096 telis
1049 2038 1081 2104 65

128 2154 182 2194 cor
197 2135 279 2208 mihi,
297 2137 442 2213 quodque
457 2137 533 2197 levis
549 2155 643 2196 causa
657 2148 803 2210 moveret,
819 2147 894 2198 erat.

87 2236 167 2295 Cum
182 2245 284 2296 tamen
301 2237 350 2296 hic
366 2255 475 2308 essem,
492 2238 680 2314 minimoque
696 2239 881 2300 accenderer
895 2238 967 2318 igni,

130 2335 254 2394 nomine
270 2339 327 2396 sub
344 2347 449 2397 nostro
463 2338 569 2397 fabula
584 2338 668 2397 nulla
683 2338 749 2398 luit.

89 2438 193 2495 Paene
208 2436 283 2494 mihi
298 2455 395 2514 puero
410 2457 469 2497 nec
484 2437 578 2516 digna
593 2456 651 2498 nec
666 2439 750 2498 utilis
765 2459 841 2500 uxor

130 2546 177 2596 est
192 2536 273 2610 data,
291 2557 370 2614 quae
385 2547 508 2615 tempus
523 2559 579 2616 per
594 2539 687 2599 breve
704 2551 799 2618 nupta
813 2541 880 2601 fuit.
1050 2556 1083 2604 70

88 2637 138 2694 Illi
153 2637 312 2710 successit,
329 2638 470 2714 quamvis
486 2638 552 2698 sine
568 2640 694 2700 crimine
710 2642 851 2716 coniunx,

129 2755 192 2795 non
207 2746 311 2797 tamen
327 2737 358 2796 in
375 2747 480 2798 nostro
495 2740 582 2798 firma
596 2741 700 2801 lutura
714 2751 790 2802 toro.

87 2837 215 2910 Ultima,
233 2857 312 2914 quae
329 2858 448 2898 mecum
465 2859 550 2900 seros
565 2841 735 2918 permansit
749 2842 779 2900 in
797 2861 904 2917 annos,

128 2938 275 2998 sustinuit
290 2938 425 2998 coniunx
440 2940 553 3000 exsulis
569 2959 638 3000 esse
654 2942 717 3002 viri.

88 3037 165 3096 Filia
182 3056 231 3096 me
246 3057 314 3098 mea
329 3040 378 3098 bis
393 3041 491 3116 prima
505 3041 641 3101 fecunda
655 3042 788 3116 iuventa,

129 3138 186 3197 sed
202 3156 264 3196 non
280 3159 317 3199 ex
333 3158 395 3198 uno
410 3140 549 3219 coniuge,
566 3143 641 3202 lecit
656 3162 754 3202 avum.

89 3237 202 3296 Etiam
219 3239 387 3315 complerat
402 3240 522 3317 genitor
537 3261 593 3301 sua
608 3242 681 3315 lata,
697 3261 870 3319 novemque

128 3338 293 3398 addiderat
308 3339 412 3398 lustris
428 3340 524 3400 altera
539 3342 633 3401 lustra
649 3362 769 3402 novem.
