2504 3682
547 155 699 206 BATTUS.

169 327 278 386 Flebat
292 343 444 402 opemque
459 333 542 384 tuam
558 325 672 383 frustra
688 323 859 403 Philyreius
874 324 973 396 heros,

129 426 290 501 Delphice,
305 425 464 502 poscebat.
509 427 589 482 Nam
604 442 662 483 nec
676 425 852 484 rescindere
868 422 971 500 magni

128 527 212 584 iussa
227 525 311 584 Iovis
326 535 459 602 poteras,
476 544 542 598 nec,
560 523 586 583 si
601 522 777 585 rescindere
792 543 911 602 posses,

128 636 201 684 tunc
216 626 335 685 aderas.
381 625 450 684 Elin
468 624 688 701 Messeniaque
704 644 776 683 arva
791 625 925 685 colebas.

129 727 210 786 Illud
225 735 290 786 erat
305 736 428 803 tempus
444 745 505 802 quo
520 735 550 785 te
566 724 701 802 pastoria
716 725 806 802 pellis
1073 723 1122 772 ⁶80

128 826 211 899 texit,
228 846 368 903 onusque
384 826 443 886 fuit
457 826 601 886 baculum
617 825 757 886 silvestre
773 825 923 899 sinistrae,

129 927 255 986 alterius
270 927 375 1002 dispar
390 925 528 1003 septenis
544 925 646 984 fistula
661 925 778 985 cannis

130 1030 274 1103 Dumque
291 1046 375 1086 amor
390 1036 437 1085 est
452 1046 552 1098 curae,
569 1027 642 1086 dum
657 1035 687 1085 te
703 1034 756 1084 tua
771 1026 873 1085 fistula
889 1027 1009 1098 mulcet,

129 1127 336 1187 incustoditae
353 1127 455 1205 Pylios
471 1137 678 1185 memorantur
693 1127 724 1184 in
742 1145 831 1203 agros

129 1227 318 1305 processisse
332 1228 438 1287 boves.
482 1227 578 1284 Videt
593 1227 649 1284 has
666 1225 825 1285 Atlantide
841 1226 928 1285 Maia
1073 1223 1122 1290 685

129 1338 220 1386 natus
236 1337 266 1386 et
281 1337 345 1386 arte
361 1346 416 1386 sua
432 1327 517 1385 silvis
532 1326 668 1385 occultat
683 1326 818 1386 abactas.

49 1448 52 1454 ·
132 1430 276 1488 Senserat
291 1428 351 1486 hoc
366 1428 481 1486 furtum
497 1447 588 1486 nemo
603 1426 664 1485 nisi
679 1436 770 1485 notus
785 1427 816 1484 in
832 1427 884 1485 illo

129 1548 198 1588 rure
214 1548 326 1600 senex;
351 1530 472 1586 Battum
488 1527 601 1586 vicinia
617 1536 682 1586 tota
696 1528 859 1588 vocabant.

132 1629 244 1688 Divitis
260 1629 311 1688 hic
326 1629 424 1687 saltus
439 1629 634 1704 herbosaque
650 1647 766 1704 pascua
782 1628 871 1688 Nelei

130 1729 342 1806 nobiliumque
356 1748 465 1806 greges
481 1739 586 1787 custos
602 1729 745 1787 servabat
760 1748 916 1804 equarum.
1075 1726 1124 1790 ⁶90

132 1832 226 1888 Hunc
241 1829 343 1888 timuit
357 1830 533 1904 blandaque
549 1848 642 1887 manu
657 1827 779 1886 seduxit
794 1838 825 1887 et
839 1827 883 1885 illi

131 1930 300 2007 ‘Quisquis
316 1949 358 2002 eS,
375 1930 509 2004 hospes'
526 1929 577 2000 ait,
596 1928 639 1987 ‘si
653 1929 732 1987 forte
748 1937 886 1987 armenta
901 1927 1033 2005 requiret

130 2031 209 2089 haec
224 2029 344 2106 aliquis,
362 2029 477 2089 vidisse
492 2049 589 2106 nega;
614 2048 674 2088 neu
688 2028 788 2105 gratia
801 2029 885 2087 facto

130 2131 216 2188 nulla
231 2131 425 2206 rependatur,
442 2130 571 2188 nitidam
587 2147 664 2205 cape
679 2128 815 2206 praemia
829 2129 975 2202 vaccam‚'

130 2240 162 2290 et
177 2230 271 2290 dedit.
316 2233 455 2306 Accepta
470 2249 562 2289 voces
578 2230 635 2288 has
650 2229 785 2288 reddidit
801 2229 923 2305 hospes
1077 2227 1125 2292 695

133 2332 249 2389 ‘Tutus
265 2349 327 2390 eas
372 2330 467 2406 Lapis
482 2329 540 2388 iste
556 2329 640 2405 prius
655 2339 708 2388 tua
723 2329 806 2387 furta
821 2328 982 2404 loquetur,'

131 2441 163 2490 et
178 2430 313 2508 lapidem
329 2431 473 2490 ostendit.
520 2429 649 2489 Simulat
665 2433 740 2488 Iove
756 2439 847 2488 natus
863 2429 955 2502 abire,

131 2551 204 2590 mox
218 2531 297 2590 redit
312 2540 343 2590 et
358 2549 447 2589 versa
461 2529 575 2607 pariter
590 2549 659 2588 cum
674 2549 749 2589 voce
765 2530 869 2607 figura,

134 2631 290 2704 ‘Rustice‚
307 2630 413 2690 vidisti
429 2630 454 2688 si
471 2649 548 2707 quas
564 2631 623 2689 hoc
638 2630 753 2702 limite,'
769 2629 855 2703 dixit,

132 2733 194 2791 ‘ire
209 2733 314 2803 boveS,
330 2733 377 2790 ter
392 2749 482 2807 opem
498 2731 642 2807 furtoque
659 2730 781 2789 silentia
796 2731 894 2790 deme.
1078 2741 1127 2792 700

133 2835 245 2892 Iuncta
260 2851 316 2891 suo
332 2831 445 2908 pariter
460 2831 583 2890 dabitur
597 2830 654 2889 tibi
669 2829 785 2888 femina
800 2830 907 2889 tauro!

132 2935 176 2993 At
190 2932 302 3006 senior,
319 2942 483 3009 postquam
499 2941 546 2990 est
561 2950 679 2990 merces
693 2929 858 3008 geminata,
878 2930 959 2988 ‘Sub
975 2929 1035 2987 illis

131 3033 309 3106 montibus‚’
325 3031 435 3108 inquit,
453 3032 580 3091 ‘erunt'
626 3034 664 3090 Et
679 3041 767 3090 erant
783 3031 840 3089 sub
856 3029 1013 3087 montibus
1029 3028 1097 3088 illis.

134 3133 216 3192 Risit
232 3132 427 3192 Atlantiades
442 3141 480 3204 et,
500 3134 569 3190 ‘Me
585 3131 668 3204 mihi,
685 3130 810 3207 perfide,
826 3130 951 3207 prodis?

133 3235 188 3294 Me
204 3230 279 3292 mihi
294 3233 400 3311 prodis
410 3233 439 3294 ?'
463 3233 504 3292 ait
520 3232 702 3312 periuraque
718 3241 844 3310 pectora
858 3229 950 3291 vertit
1079 3237 1127 3295 705
