2504 3682
518 168 728 216 AGLAUROS.

170 336 313 414 Denique
328 336 360 395 in
376 338 506 396 adverso
522 336 697 395 venientem
712 336 817 396 limine
833 337 913 396 sedit

128 438 290 496 exclusura
303 438 404 496 deum.
450 436 508 495 Cui
523 435 735 495 blandimenta
750 455 918 513 precesque

128 538 282 613 verbaque
298 537 423 596 iactanti
439 536 610 609 mitissima,
630 537 782 609 ‘Desine’
799 536 883 609 dixit,

130 636 219 697 ‘hinc
234 657 292 714 ego
307 657 355 697 me
371 656 433 695 non
449 656 517 695 sum
534 637 593 696 nisi
608 646 639 696 te
654 648 773 696 motura
788 638 932 713 repulso’

128 739 290 811 ‘Stemus'
307 737 358 811 ait,
377 739 502 814 ‘pact0,'
519 738 609 797 velox
624 737 790 816 Cyllenius,
808 739 904 810 ‘ist0‚’

127 839 325 915 caelatasque
340 838 424 897 tores
439 839 524 915 virga
539 838 695 914 patefecit.
741 841 782 897 At
797 837 840 895 illi

127 958 251 1016 surgere
267 939 400 1012 conanti,
417 949 520 1017 partes
536 958 747 1016 quascumque
762 940 900 999 sedendo

127 1039 279 1098 flectimus
294 1040 405 1116 ignava
421 1048 579 1115 nequeunt
593 1039 743 1116 gravitate
759 1040 883 1098 moveri.

128 1139 186 1198 Illa
201 1139 325 1216 quidem
341 1148 459 1216 pugnat
473 1149 556 1198 recto
572 1158 605 1197 se
621 1139 760 1197 attollere
776 1149 894 1211 trunc0,

127 1241 183 1300 sed
197 1259 331 1317 genuum
347 1238 488 1298 iunctura
503 1241 588 1317 riget,
605 1239 763 1316 frigusque
778 1258 833 1316 per
848 1240 961 1315 inguen

126 1340 247 1412 labitur,
265 1348 295 1398 et
310 1340 426 1416 pallent
442 1339 556 1398 amisso
571 1340 720 1417 sanguine
736 1359 842 1398 venae.

128 1442 232 1516 thue
248 1441 361 1499 malum
376 1440 437 1499 late
454 1441 532 1499 solet
547 1440 771 1500 immedicabile
786 1459 898 1498 cancer

127 1560 249 1618 serpere
265 1549 296 1599 et
311 1540 445 1600 inlaesas
460 1540 574 1599 vitiatis
591 1540 704 1599 addere
719 1552 832 1616 partes,

126 1641 170 1698 sic
185 1640 286 1699 letalis
302 1640 400 1699 hiems
415 1641 562 1716 paulatim
579 1639 609 1697 in
626 1650 751 1716 pectora
767 1641 850 1699 venit

126 1740 297 1816 vitalesque
312 1741 377 1798 vias
393 1751 423 1798 et
439 1739 641 1815 respiramina
656 1741 775 1799 clausit.

127 1843 194 1898 Nec
209 1851 321 1899 conata
337 1838 421 1916 loqui
437 1850 493 1912 est,
511 1860 576 1912 nec,
593 1839 620 1898 si
635 1850 746 1897 conata
761 1840 880 1912 fuisset,

125 1940 210 1999 vocis
226 1940 362 1999 habebat
378 1940 442 1999 iter.
489 1942 601 1999 Saxum
617 1940 677 1997 iam
694 1941 772 1999 colla
787 1941 922 2013 tenebat,

125 2059 240 2116 oraque
256 2040 431 2111 duruerant,
450 2039 632 2117 signumque
649 2058 804 2116 exsangue
822 2039 959 2098 sedebat.

126 2143 154 2198 N
157 2159 193 2198 ec
208 2139 287 2215 lapis
303 2140 392 2198 albus
408 2150 491 2199 erat:
515 2160 571 2199 sua
586 2159 673 2198 mens
689 2139 838 2198 infecerat
852 2139 943 2198 illam.

168 2242 238 2299 Has
252 2240 305 2299 ubi
321 2240 481 2299 verborum
498 2260 616 2316 poenas
630 2241 806 2316 mentisque
821 2241 969 2316 profanae

124 2341 207 2417 cepit
223 2340 426 2414 Atlantiades,
444 2341 542 2399 dictas
559 2361 576 2398 a
593 2341 718 2400 Pallade
734 2351 831 2399 terras

124 2441 237 2516 linquit
251 2452 283 2500 et
297 2442 467 2518 ingreditur
482 2441 603 2500 iactatis
620 2442 745 2500 aethera
760 2441 879 2517 pennis.

126 2542 256 2600 Sevocat
271 2542 352 2599 hune
367 2541 494 2618 genitor.
541 2543 569 2599 N
573 2560 608 2599 ec
624 2560 748 2599 causam
763 2542 866 2599 fassus
882 2543 993 2600 amoris

126 2642 220 2700 ‘Fide
236 2641 393 2713 minister‚'
410 2641 460 2712 ait,
480 2642 656 2714 ‘iussorum
675 2653 755 2714 nate,
772 2661 918 2714 meorum,

123 2742 203 2818 pelle
218 2761 334 2800 moram
350 2741 503 2817 solitoque
518 2742 599 2800 celer
614 2742 758 2800 delabere
774 2761 874 2814 cursu,

124 2861 265 2917 quaeque
280 2852 365 2900 tuam
380 2851 507 2901 matrem
523 2843 613 2901 tellus
629 2862 646 2900 a
661 2853 749 2919 parte
765 2842 890 2901 sinistra

124 2941 262 3018 suspicit,
279 2942 443 3019 indigenae
461 2943 610 3001 Sidonida
625 2943 749 3002 nomine
765 2943 880 3013 dicunt,

123 3043 203 3100 hanc
219 3051 296 3118 pete,
315 3043 460 3118 quodque
475 3043 581 3118 procul
597 3052 745 3101 montano
760 3041 898 3120 gramine
914 3043 999 3118 pasci

123 3151 294 3201 armentum
310 3142 413 3218 regale
428 3142 523 3216 videS,
542 3144 581 3201 ad
596 3143 686 3201 litora
701 3144 804 3202 verte.'

165 3243 261 3317 Dixit,
278 3252 308 3300 et
325 3243 443 3324 expulsi
459 3244 637 3307 iamdudum
654 3252 758 3308 monte
774 3243 895 3305 iuvenci
