2504 3682
495 235 713 284 PHAETHON.

149 403 268 462 Emicat
283 404 436 480 extemplo
452 406 550 464 laetus
566 415 637 481 post
652 405 726 464 talia
742 405 847 465 matris

104 505 189 564 dicta
203 523 277 563 suae
294 505 455 564 Phaethon
470 515 501 564 et
516 506 651 581 concipit
666 506 790 565 aethera
806 517 917 578 mente,

11 671 14 678 ,
105 604 339 681 Aethiopasque
354 624 427 663 suos
442 604 622 681 positosque
638 606 695 664 sub
711 605 834 683 ignibus
852 606 946 664 Indos

105 704 235 762 sidereis
251 704 360 763 transit
375 704 554 782 patriosque
570 705 635 764 adit
650 705 777 783 impiger
792 715 885 765 ortus.

431 957 541 1004 LIBER
568 957 775 1007 SECUNDUS.

107 1108 216 1164 REGIA
233 1106 312 1164 Solis
328 1116 394 1164 erat
410 1107 594 1166 sublimibus
610 1108 672 1166 alta
687 1109 849 1180 columnis,

105 1206 189 1264 clara
204 1207 337 1266 micante
352 1225 426 1265 auro
440 1208 641 1284 flammasque
658 1207 796 1268 imitante
813 1228 938 1286 pyropo,

106 1306 194 1364 cuius
209 1307 285 1365 ebur
300 1306 431 1366 nitidum
447 1307 570 1384 fastigia
585 1327 705 1367 summa
719 1310 852 1387 tegebat,

107 1406 225 1483 argenti
241 1407 356 1468 bifores
371 1408 533 1467 radiabant
549 1409 663 1469 lumine
679 1409 794 1468 valvae.

108 1507 270 1566 Materiam
287 1509 452 1584 superabat
466 1528 554 1585 opus.
600 1511 681 1567 Nam
699 1506 852 1568 Mirlciber
867 1510 929 1568 illic

107 1626 243 1683 aequora
258 1609 391 1667 caelarat
405 1609 523 1668 medias
539 1610 695 1686 cingentia
710 1620 806 1669 terras

106 1717 316 1784 terrarumque
331 1710 437 1768 orbem
453 1711 642 1786 caelumque,
661 1712 744 1786 quod
759 1711 897 1770 imminet
912 1711 987 1770 orbi.

108 1810 274 1868 Caeruleos
289 1810 383 1868 habet
398 1811 483 1869 unda
498 1811 583 1883 deoS,
601 1811 731 1870 Tritona
746 1831 901 1884 canorum,

109 1911 280 1986 Proteaque
296 1911 481 1987 ambiguum,
498 1911 771 1987 ballaenarumque
788 1922 977 1986 prementem

107 2011 274 2086 Aegaeona
290 2010 353 2068 suis
369 2009 514 2068 immania
528 2021 614 2088 terga
628 2011 760 2084 lacertiS,

108 2109 287 2186 Doridaque
303 2121 335 2170 et
349 2120 448 2184 natas,
465 2131 595 2188 quarum
610 2132 682 2188 pars
698 2131 771 2170 nare
787 2113 916 2186 videtur,

106 2228 177 2286 pars
193 2209 225 2268 in
241 2211 319 2268 mole
336 2212 449 2270 sedens
463 2211 578 2271 virides
594 2212 711 2272 siccare
727 2214 863 2290 capillos,

106 2310 191 2386 pisce
206 2310 278 2369 vehi
294 2313 456 2387 quaedam.
502 2313 609 2372 Facies
626 2334 688 2372 non
704 2315 847 2372 omnibus
863 2335 933 2387 una,

106 2429 164 2469 nec
178 2411 301 2470 diversa
315 2422 435 2486 tamem
460 2414 581 2489 qualem
598 2415 687 2473 decet
704 2434 772 2474 esse
788 2434 934 2474 sororum.

106 2512 201 2569 Terra
215 2510 297 2570 viros
313 2513 466 2589 urbesque
481 2513 559 2590 gerit
575 2513 730 2590 silvasque
746 2516 890 2591 ferasque

105 2610 294 2686 fluminaque
310 2621 341 2671 et
356 2614 507 2690 nymphas
524 2623 554 2672 et
569 2623 671 2672 cetera
686 2615 812 2672 numina
827 2616 914 2675 ruris.

108 2712 197 2770 Haec
212 2731 305 2788 super
319 2712 465 2790 imposita
480 2724 527 2773 est
543 2715 620 2773 caeli
635 2715 782 2792 fulgentis
798 2715 907 2793 imag0,

106 2812 256 2890 signaque
273 2832 326 2871 sex
341 2813 460 2872 loribus
476 2815 600 2887 dextris,
618 2815 810 2892 totidemque
826 2816 965 2875 sinistris

147 2913 219 2987 Quo
235 2913 325 2972 simul
342 2915 459 2974 acclivo
476 2916 655 2993 Clymeneia
671 2916 766 2975 limite
783 2917 883 2992 proles

104 3013 189 3072 venit
205 3023 236 3071 et
251 3013 376 3073 intravit
392 3015 523 3076 dubitati
539 3025 620 3075 tecta
636 3016 782 3092 parentiS,

104 3113 245 3190 protinus
262 3114 301 3171 ad
315 3115 430 3191 patrios
446 3135 502 3174 sua
517 3117 577 3174 tert
592 3118 721 3193 vestigia
736 3117 839 3175 vultus

105 3213 308 3289 consistitque
323 3215 445 3291 procul;
470 3235 569 3292 neque
586 3217 666 3276 enirn
683 3217 826 3293 propiora
841 3218 960 3276 ferebat

105 3314 228 3374 lumina.
275 3315 431 3392 Purpurea
445 3316 563 3377 velatus
578 3327 666 3377 veste
681 3317 809 3376 sedebat
