2504 3682
152 241 182 291 18
377 237 741 291 METAMORPHOSEON
761 241 781 288 I.
817 251 923 291 275-334.

150 410 310 470 caeruleus
323 410 417 470 frater
433 409 518 469 iuvat
534 409 733 469 auxiliaribus
748 407 848 468 undis
1098 423 1146 478 275

151 512 310 570 Convocat
325 509 375 568 hic
391 529 506 570 amnes.
551 509 613 584 Qui
628 519 792 586 postquam
808 519 891 569 tecta
906 510 1027 588 tyranni

150 609 300 670 intravere
317 610 373 684 sui,
392 613 482 669 ‘Non
498 619 545 670 est
560 610 732 669 hortamine
748 611 840 687 longo

150 711 251 784 nunc,'
268 709 319 784 ait,
338 711 513 770 ‘utendum
558 709 648 770 Vires
664 709 814 769 effundite
830 720 957 785 vestraS,

150 809 195 870 sic
210 829 289 887 opus
304 819 360 871 est.
404 811 531 887 Aperite
547 810 664 882 domne,
682 829 718 870 ac
734 811 814 870 mole
830 821 947 871 remota

149 909 327 970 fluminibus
343 910 452 971 vestris
468 921 548 971 totas
564 911 718 971 immittite
733 912 892 972 habenas!
1097 911 1144 962 ²80

152 1013 295 1071 Iusserat.
341 1011 386 1070 Hi
400 1012 539 1085 redeunt,
556 1030 591 1070 ac
606 1012 745 1073 fontibus
760 1031 815 1072 ora
829 1012 976 1085 relaxant,

151 1120 181 1170 et
196 1110 357 1171 defrenato
372 1110 535 1171 volvuntur
551 1111 580 1170 in
597 1131 732 1189 aequora
746 1131 846 1173 cursu.

152 1213 224 1288 lpse
239 1211 371 1272 tridente
386 1231 443 1271 suo
459 1221 570 1272 terram
585 1213 746 1290 percussit.
791 1216 833 1273 At
847 1213 900 1274 illa

151 1311 307 1371 intremuit
322 1322 469 1389 motuque
483 1313 549 1372 vias
566 1313 712 1391 patefecit
727 1333 883 1390 aquarum.

153 1413 331 1489 Exspatiata
345 1423 437 1473 ruunt
451 1433 506 1491 per
521 1424 644 1490 apertos
659 1414 786 1473 flumina
801 1433 936 1491 campos,
1098 1413 1144 1480 ²85

151 1531 282 1590 cumque
298 1514 373 1574 satis
389 1514 514 1574 arbusta
530 1514 620 1573 simul
636 1514 833 1591 pecudesque
848 1514 992 1591 virosque

150 1623 293 1690 tectaque
308 1633 439 1692 cumque
455 1615 519 1674 suis
534 1615 657 1692 rapiunt
672 1615 841 1691 penetralia
857 1615 960 1674 sacris.

153 1714 248 1791 Siqua
263 1716 372 1776 domus
387 1715 501 1775 mansit
515 1716 676 1793 potuitque
692 1714 834 1777 resistere
850 1724 937 1774 tanto

151 1815 304 1876 indeiecta
319 1818 408 1890 malo,
424 1818 545 1876 culmen
561 1825 664 1877 tamen
680 1815 770 1875 altior
785 1815 875 1874 huius

151 1916 235 1975 unda
249 1917 333 1994 tegit,
349 1936 536 1994 pressaeque
552 1917 650 1976 latent
665 1916 722 1975 sub
738 1915 857 1994 gurgite
873 1925 981 1975 turres,
1099 1929 1146 1979 ²90

194 2019 321 2094 Iamque
337 2037 420 2076 mare
437 2027 468 2078 et
483 2017 573 2076 tellus
590 2017 707 2075 nullum
725 2016 891 2076 discrimen
906 2016 1083 2076 habebant:

151 2117 254 2176 omnia
269 2127 382 2193 pontus
398 2128 502 2190 erant3
526 2117 653 2176 deerant
669 2135 792 2193 quoque
808 2117 896 2176 litora
910 2127 1015 2192 pontu.

152 2217 292 2293 Occupat
307 2217 358 2276 hic
373 2217 490 2290 collem,
508 2218 618 2276 cumba
635 2217 722 2276 sedet
739 2216 815 2275 alter
830 2217 951 2277 adunca

151 2326 182 2376 et
198 2316 283 2376 ducit
297 2336 397 2377 remos
413 2317 475 2376 illic
490 2317 543 2377 ubi
559 2337 656 2394 nuper
671 2326 780 2376 ararat.

152 2418 209 2478 Ille
225 2437 318 2496 supra
332 2427 454 2495 segetes
469 2428 522 2478 aut
538 2436 655 2477 mersae
671 2417 806 2476 culmina
819 2417 910 2476 villae
1099 2431 1147 2483 295

151 2518 283 2596 navigat,
299 2518 350 2578 hic
365 2538 483 2579 summa
498 2518 614 2596 piscem
631 2518 794 2594 deprendit
808 2517 839 2576 in
855 2519 946 2577 ulm0.

152 2619 269 2697 Figitur
283 2619 313 2677 in
330 2619 428 2692 viridi,
445 2619 471 2678 si
486 2620 550 2678 fors
566 2618 643 2691 tulit,
661 2637 774 2677 ancora
785 2627 882 2694 pram,

152 2729 205 2779 aut
220 2720 358 2780 subiecta
372 2729 476 2779 terunt
491 2738 602 2779 curvae
617 2720 721 2779 vineta
736 2719 866 2778 carinae.

153 2822 199 2893 Et,
216 2821 308 2880 modo
323 2840 384 2897 qua
398 2819 528 2898 graciles
543 2838 669 2898 gramen
685 2838 828 2896 carpsere
843 2817 989 2894 capellae,

152 2940 234 2981 nunc
249 2920 291 2979 ibi
307 2921 461 2980 deformes
476 2929 595 2997 ponunt
611 2939 666 2978 sua
681 2938 810 2996 corpora
825 2919 952 2996 phocae.
1098 2931 1148 2981 300

154 3021 306 3082 Mirantur
321 3023 379 3081 sub
395 3040 475 3098 aqua
490 3021 577 3079 lucos
594 2999 747 3096 urbesque
763 3020 934 3097 domosque

153 3123 320 3196 Nereides3
345 3122 499 3198 silvasque
514 3130 622 3180 tenent
637 3120 808 3197 delphines,
825 3129 856 3180 et
870 3119 940 3180 altis

152 3222 311 3282 incursant
326 3222 419 3282 ramis
434 3222 611 3300 agitataque
627 3223 738 3281 robora
752 3221 886 3298 pulsant.

154 3325 218 3383 Nat
232 3324 322 3400 lupus
338 3323 415 3382 inter
431 3341 513 3395 oves,
530 3322 630 3380 fulvos
646 3321 730 3380 vehit
745 3321 829 3379 unda
844 3321 959 3392 leones,
