<?xml version="1.0" encoding="UTF-8"?>
<!DOCTYPE html PUBLIC "-//W3C//DTD XHTML 1.0 Transitional//EN"
    "http://www.w3.org/TR/xhtml1/DTD/xhtml1-transitional.dtd">
<html xmlns="http://www.w3.org/1999/xhtml" xml:lang="en" lang="en">
 <head>
  <title>
</title>
<meta http-equiv="Content-Type" content="text/html;charset=utf-8" />
  <meta name='ocr-system' content='tesseract 3.04.00' />
  <meta name='ocr-capabilities' content='ocr_page ocr_carea ocr_par ocr_line ocrx_word'/>
</head>
<body>
  <div class='ocr_page' id='page_1' title='image "./firstandsecondb01ovidgoog/firstandsecondb01ovidgoog_0050.png"; bbox 0 0 2504 3682; ppageno 0'>
   <div class='ocr_carea' id='block_1_1' title="bbox 122 153 895 204">
    <p class='ocr_par' dir='ltr' id='par_1_1' title="bbox 122 153 895 204">
     <span class='ocr_line' id='line_1_1' title="bbox 122 153 895 204; baseline -0.001 -1"><span class='ocrx_word' id='word_1_1' title='bbox 122 153 155 204; x_wconf 86' lang='lat'>26</span> <span class='ocrx_word' id='word_1_2' title='bbox 351 155 716 203; x_wconf 90' lang='lat' dir='ltr'><strong>METAMORPHOSEON</strong></span> <span class='ocrx_word' id='word_1_3' title='bbox 735 156 756 202; x_wconf 91' lang='grc' dir='ltr'>Ι.</span> <span class='ocrx_word' id='word_1_4' title='bbox 791 165 895 204; x_wconf 80' lang='lat'><strong>500-560.</strong></span> 
     </span>
    </p>
   </div>
   <div class='ocr_carea' id='block_1_2' title="bbox 99 320 1123 3304">
    <p class='ocr_par' dir='ltr' id='par_1_2' title="bbox 122 320 1119 698">
     <span class='ocr_line' id='line_1_2' title="bbox 122 320 1119 398; baseline 0.006 -18"><span class='ocrx_word' id='word_1_5' title='bbox 122 331 170 382; x_wconf 93' lang='lat' dir='ltr'>est</span> <span class='ocrx_word' id='word_1_6' title='bbox 184 322 301 382; x_wconf 88' lang='lat' dir='ltr'>vidisse</span> <span class='ocrx_word' id='word_1_7' title='bbox 317 321 393 380; x_wconf 91' lang='lat' dir='ltr'>satis</span> <span class='ocrx_word' id='word_1_8' title='bbox 405 346 411 394; x_wconf 92' lang='grc'>;</span> <span class='ocrx_word' id='word_1_9' title='bbox 435 321 541 392; x_wconf 83' lang='lat' dir='ltr'>laudat</span> <span class='ocrx_word' id='word_1_10' title='bbox 555 320 730 398; x_wconf 85' lang='lat' dir='ltr'>digitosque</span> <span class='ocrx_word' id='word_1_11' title='bbox 746 340 917 398; x_wconf 89' lang='lat' dir='ltr'>manusque</span> <span class='ocrx_word' id='word_1_12' title='bbox 1072 333 1119 386; x_wconf 84' lang='lat'>500</span> 
     </span>
     <span class='ocr_line' id='line_1_3' title="bbox 122 421 951 499; baseline 0 -19"><span class='ocrx_word' id='word_1_13' title='bbox 122 422 329 498; x_wconf 87' lang='lat' dir='ltr'>bracchiaque</span> <span class='ocrx_word' id='word_1_14' title='bbox 344 431 375 481; x_wconf 92' lang='lat' dir='ltr'>et</span> <span class='ocrx_word' id='word_1_15' title='bbox 391 422 492 480; x_wconf 92' lang='lat' dir='ltr'>nudos</span> <span class='ocrx_word' id='word_1_16' title='bbox 507 421 609 482; x_wconf 90' lang='lat' dir='ltr'>media</span> <span class='ocrx_word' id='word_1_17' title='bbox 623 423 692 498; x_wconf 93' lang='lat' dir='ltr'>plus</span> <span class='ocrx_word' id='word_1_18' title='bbox 707 431 794 499; x_wconf 90' lang='lat' dir='ltr'>parte</span> <span class='ocrx_word' id='word_1_19' title='bbox 810 422 951 481; x_wconf 83' lang='lat' dir='ltr'>lacertos,</span> 
     </span>
     <span class='ocr_line' id='line_1_4' title="bbox 124 521 918 600; baseline 0 -20"><span class='ocrx_word' id='word_1_20' title='bbox 124 521 219 599; x_wconf 88' lang='lat' dir='ltr'>Siqua</span> <span class='ocrx_word' id='word_1_21' title='bbox 234 522 339 596; x_wconf 89' lang='lat' dir='ltr'>latent,</span> <span class='ocrx_word' id='word_1_22' title='bbox 356 522 482 581; x_wconf 86' lang='lat' dir='ltr'>meliora</span> <span class='ocrx_word' id='word_1_23' title='bbox 497 531 593 599; x_wconf 90' lang='lat' dir='ltr'>putat.</span> <span class='ocrx_word' id='word_1_24' title='bbox 640 522 730 600; x_wconf 88' lang='lat' dir='ltr'><strong>Fugit</strong></span> <span class='ocrx_word' id='word_1_25' title='bbox 746 521 830 582; x_wconf 93' lang='lat' dir='ltr'>ocior</span> <span class='ocrx_word' id='word_1_26' title='bbox 846 541 918 581; x_wconf 86' lang='lat' dir='ltr'>aura</span> 
     </span>
     <span class='ocr_line' id='line_1_5' title="bbox 123 621 968 698; baseline 0.002 -19"><span class='ocrx_word' id='word_1_27' title='bbox 123 621 174 681; x_wconf 90' lang='lat' dir='ltr'>illa</span> <span class='ocrx_word' id='word_1_28' title='bbox 188 621 257 696; x_wconf 86' lang='lat' dir='ltr'>levi,</span> <span class='ocrx_word' id='word_1_29' title='bbox 275 641 375 698; x_wconf 90' lang='lat' dir='ltr'>neque</span> <span class='ocrx_word' id='word_1_30' title='bbox 390 623 430 682; x_wconf 95' lang='lat' dir='ltr'>ad</span> <span class='ocrx_word' id='word_1_31' title='bbox 445 623 523 681; x_wconf 91' lang='lat' dir='ltr'>haec</span> <span class='ocrx_word' id='word_1_32' title='bbox 538 621 712 682; x_wconf 91' lang='lat' dir='ltr'>revocantis</span> <span class='ocrx_word' id='word_1_33' title='bbox 728 623 823 682; x_wconf 91' lang='lat' dir='ltr'>verba</span> <span class='ocrx_word' id='word_1_34' title='bbox 836 621 968 682; x_wconf 86' lang='lat' dir='ltr'>resistit:</span> 
     </span>
    </p>

    <p class='ocr_par' dir='ltr' id='par_1_3' title="bbox 99 722 1123 2803">
     <span class='ocr_line' id='line_1_6' title="bbox 166 722 1072 801; baseline 0.001 -20"><span class='ocrx_word' id='word_1_35' title='bbox 166 724 336 801; x_wconf 68' lang='lat' dir='ltr'>‘Nympha</span> <span class='ocrx_word' id='word_1_36' title='bbox 349 741 465 799; x_wconf 87' lang='lat' dir='ltr'>precor,</span> <span class='ocrx_word' id='word_1_37' title='bbox 478 725 582 794; x_wconf 89' lang='lat' dir='ltr'>Penei,</span> <span class='ocrx_word' id='word_1_38' title='bbox 596 741 686 781; x_wconf 90' lang='lat' dir='ltr'>mane</span> <span class='ocrx_word' id='word_1_39' title='bbox 698 727 703 782; x_wconf 94' lang='lat' dir='ltr'>l</span> <span class='ocrx_word' id='word_1_40' title='bbox 727 742 790 782; x_wconf 91' lang='lat' dir='ltr'>non</span> <span class='ocrx_word' id='word_1_41' title='bbox 800 722 947 799; x_wconf 91' lang='lat' dir='ltr'>insequor</span> <span class='ocrx_word' id='word_1_42' title='bbox 956 722 1055 782; x_wconf 90' lang='lat' dir='ltr'>hostis</span> <span class='ocrx_word' id='word_1_43' title='bbox 1066 747 1072 794; x_wconf 84' lang='lat'>3</span> 
     </span>
     <span class='ocr_line' id='line_1_7' title="bbox 123 823 1119 902; baseline 0 -21"><span class='ocrx_word' id='word_1_44' title='bbox 123 823 265 902; x_wconf 89' lang='lat' dir='ltr'>nympha,</span> <span class='ocrx_word' id='word_1_45' title='bbox 282 842 372 884; x_wconf 91' lang='lat' dir='ltr'>mane</span> <span class='ocrx_word' id='word_1_46' title='bbox 386 827 392 883; x_wconf 80' lang='lat' dir='ltr'>l</span> <span class='ocrx_word' id='word_1_47' title='bbox 415 823 460 883; x_wconf 90' lang='lat' dir='ltr'>sic</span> <span class='ocrx_word' id='word_1_48' title='bbox 476 841 555 900; x_wconf 85' lang='lat' dir='ltr'>agna</span> <span class='ocrx_word' id='word_1_49' title='bbox 571 823 685 900; x_wconf 89' lang='lat' dir='ltr'>lupum,</span> <span class='ocrx_word' id='word_1_50' title='bbox 702 823 747 882; x_wconf 91' lang='lat' dir='ltr'>sic</span> <span class='ocrx_word' id='word_1_51' title='bbox 762 842 852 883; x_wconf 90' lang='lat' dir='ltr'>cerva</span> <span class='ocrx_word' id='word_1_52' title='bbox 864 824 994 898; x_wconf 90' lang='lat' dir='ltr'>leonem,</span> <span class='ocrx_word' id='word_1_53' title='bbox 1072 836 1119 888; x_wconf 82' lang='lat'>505</span> 
     </span>
     <span class='ocr_line' id='line_1_8' title="bbox 123 923 951 1001; baseline 0.001 -19"><span class='ocrx_word' id='word_1_54' title='bbox 123 924 168 982; x_wconf 93' lang='lat' dir='ltr'>sic</span> <span class='ocrx_word' id='word_1_55' title='bbox 184 923 318 1000; x_wconf 84' lang='lat' dir='ltr'>aquilam</span> <span class='ocrx_word' id='word_1_56' title='bbox 336 943 438 1000; x_wconf 87' lang='lat' dir='ltr'>penna</span> <span class='ocrx_word' id='word_1_57' title='bbox 453 923 577 1001; x_wconf 84' lang='lat' dir='ltr'>fugiunt</span> <span class='ocrx_word' id='word_1_58' title='bbox 592 923 765 1000; x_wconf 87' lang='lat' dir='ltr'>trepidante</span> <span class='ocrx_word' id='word_1_59' title='bbox 782 925 951 997; x_wconf 88' lang='lat' dir='ltr'>columbae,</span> 
     </span>
     <span class='ocr_line' id='line_1_9' title="bbox 99 1023 1062 1101; baseline 0.002 -20"><span class='ocrx_word' id='word_1_60' title='bbox 99 1087 101 1091; x_wconf 55' lang='grc'><strong>,</strong></span> <span class='ocrx_word' id='word_1_61' title='bbox 123 1024 229 1083; x_wconf 91' lang='lat' dir='ltr'>hostes</span> <span class='ocrx_word' id='word_1_62' title='bbox 245 1043 386 1100; x_wconf 90' lang='lat' dir='ltr'>quaeque</span> <span class='ocrx_word' id='word_1_63' title='bbox 403 1043 484 1082; x_wconf 81' lang='lat' dir='ltr'>suos,</span> <span class='ocrx_word' id='word_1_64' title='bbox 530 1027 625 1083; x_wconf 90' lang='lat' dir='ltr'>Amor</span> <span class='ocrx_word' id='word_1_65' title='bbox 641 1034 687 1084; x_wconf 91' lang='lat' dir='ltr'>est</span> <span class='ocrx_word' id='word_1_66' title='bbox 703 1024 777 1082; x_wconf 91' lang='lat' dir='ltr'>mihi</span> <span class='ocrx_word' id='word_1_67' title='bbox 793 1043 888 1084; x_wconf 87' lang='lat' dir='ltr'>causa</span> <span class='ocrx_word' id='word_1_68' title='bbox 903 1023 1062 1101; x_wconf 91' lang='lat' dir='ltr'>sequendi.</span> 
     </span>
     <span class='ocr_line' id='line_1_10' title="bbox 125 1123 929 1202; baseline 0 -20"><span class='ocrx_word' id='word_1_69' title='bbox 125 1126 178 1182; x_wconf 94' lang='lat' dir='ltr'>Me</span> <span class='ocrx_word' id='word_1_70' title='bbox 194 1125 356 1183; x_wconf 84' lang='lat' dir='ltr'>miserum!</span> <span class='ocrx_word' id='word_1_71' title='bbox 381 1142 419 1182; x_wconf 94' lang='lat' dir='ltr'>ne</span> <span class='ocrx_word' id='word_1_72' title='bbox 434 1143 533 1200; x_wconf 91' lang='lat' dir='ltr'>prona</span> <span class='ocrx_word' id='word_1_73' title='bbox 549 1125 652 1196; x_wconf 69' lang='lat' dir='ltr'>cadas</span> <span class='ocrx_word' id='word_1_74' title='bbox 668 1123 833 1202; x_wconf 85' lang='lat' dir='ltr'>indignave</span> <span class='ocrx_word' id='word_1_75' title='bbox 848 1125 929 1183; x_wconf 91' lang='lat' dir='ltr'>laedi</span> 
     </span>
     <span class='ocr_line' id='line_1_11' title="bbox 124 1224 907 1297; baseline 0.003 -14"><span class='ocrx_word' id='word_1_76' title='bbox 124 1243 212 1283; x_wconf 93' lang='lat' dir='ltr'>crura</span> <span class='ocrx_word' id='word_1_77' title='bbox 227 1234 336 1284; x_wconf 91' lang='lat' dir='ltr'>notent</span> <span class='ocrx_word' id='word_1_78' title='bbox 352 1234 465 1297; x_wconf 87' lang='lat' dir='ltr'>sentes,</span> <span class='ocrx_word' id='word_1_79' title='bbox 483 1233 514 1283; x_wconf 91' lang='lat' dir='ltr'>et</span> <span class='ocrx_word' id='word_1_80' title='bbox 529 1224 587 1283; x_wconf 90' lang='lat' dir='ltr'>sim</span> <span class='ocrx_word' id='word_1_81' title='bbox 603 1225 658 1284; x_wconf 89' lang='lat' dir='ltr'>tibi</span> <span class='ocrx_word' id='word_1_82' title='bbox 675 1243 769 1284; x_wconf 89' lang='lat' dir='ltr'>causa</span> <span class='ocrx_word' id='word_1_83' title='bbox 785 1225 907 1285; x_wconf 83' lang='lat' dir='ltr'>doloris</span> 
     </span>
     <span class='ocr_line' id='line_1_12' title="bbox 125 1325 1121 1402; baseline 0 -17"><span class='ocrx_word' id='word_1_84' title='bbox 125 1329 253 1402; x_wconf 87' lang='lat' dir='ltr'>Aspera,</span> <span class='ocrx_word' id='word_1_85' title='bbox 269 1345 331 1401; x_wconf 88' lang='lat' dir='ltr'>qua</span> <span class='ocrx_word' id='word_1_86' title='bbox 346 1344 503 1402; x_wconf 90' lang='lat' dir='ltr'>properas,</span> <span class='ocrx_word' id='word_1_87' title='bbox 519 1325 588 1384; x_wconf 92' lang='lat' dir='ltr'>loca</span> <span class='ocrx_word' id='word_1_88' title='bbox 603 1335 683 1385; x_wconf 85' lang='lat' dir='ltr'>sunt.</span> <span class='ocrx_word' id='word_1_89' title='bbox 729 1326 931 1399; x_wconf 86' lang='lat' dir='ltr'>Moderatius,</span> <span class='ocrx_word' id='word_1_90' title='bbox 948 1345 1010 1397; x_wconf 89' lang='lat' dir='ltr'>oro,</span> <span class='ocrx_word' id='word_1_91' title='bbox 1074 1336 1121 1390; x_wconf 84' lang='lat'>510</span> 
     </span>
     <span class='ocr_line' id='line_1_13' title="bbox 124 1425 1004 1503; baseline 0.001 -18"><span class='ocrx_word' id='word_1_92' title='bbox 124 1445 219 1498; x_wconf 87' lang='lat' dir='ltr'>curre,</span> <span class='ocrx_word' id='word_1_93' title='bbox 236 1426 402 1503; x_wconf 80' lang='lat' dir='ltr'>fugamque</span> <span class='ocrx_word' id='word_1_94' title='bbox 419 1425 541 1498; x_wconf 89' lang='lat' dir='ltr'>inhibe;</span> <span class='ocrx_word' id='word_1_95' title='bbox 566 1427 753 1486; x_wconf 90' lang='lat' dir='ltr'>moderatius</span> <span class='ocrx_word' id='word_1_96' title='bbox 769 1426 913 1502; x_wconf 89' lang='lat' dir='ltr'>insequar</span> <span class='ocrx_word' id='word_1_97' title='bbox 928 1426 1004 1502; x_wconf 91' lang='lat' dir='ltr'>ipse.</span> 
     </span>
     <span class='ocr_line' id='line_1_14' title="bbox 126 1525 969 1602; baseline -0.002 -16"><span class='ocrx_word' id='word_1_98' title='bbox 126 1525 184 1586; x_wconf 92' lang='lat' dir='ltr'>Cui</span> <span class='ocrx_word' id='word_1_99' title='bbox 199 1527 332 1602; x_wconf 89' lang='lat' dir='ltr'>placeas,</span> <span class='ocrx_word' id='word_1_100' title='bbox 350 1525 469 1602; x_wconf 90' lang='lat' dir='ltr'>inquire</span> <span class='ocrx_word' id='word_1_101' title='bbox 485 1535 597 1584; x_wconf 88' lang='lat' dir='ltr'>tamen.</span> <span class='ocrx_word' id='word_1_102' title='bbox 643 1529 714 1586; x_wconf 92' lang='lat' dir='ltr'>Non</span> <span class='ocrx_word' id='word_1_103' title='bbox 731 1527 832 1586; x_wconf 87' lang='lat' dir='ltr'>incola</span> <span class='ocrx_word' id='word_1_104' title='bbox 847 1526 969 1598; x_wconf 85' lang='lat' dir='ltr'>montis,</span> 
     </span>
     <span class='ocr_line' id='line_1_15' title="bbox 126 1627 958 1705; baseline 0.002 -21"><span class='ocrx_word' id='word_1_105' title='bbox 126 1646 187 1686; x_wconf 90' lang='lat' dir='ltr'>non</span> <span class='ocrx_word' id='word_1_106' title='bbox 203 1645 261 1703; x_wconf 87' lang='lat' dir='ltr'>ego</span> <span class='ocrx_word' id='word_1_107' title='bbox 276 1644 343 1685; x_wconf 91' lang='lat' dir='ltr'>sum</span> <span class='ocrx_word' id='word_1_108' title='bbox 358 1636 472 1703; x_wconf 90' lang='lat' dir='ltr'>pastor,</span> <span class='ocrx_word' id='word_1_109' title='bbox 490 1645 553 1686; x_wconf 91' lang='lat' dir='ltr'>non</span> <span class='ocrx_word' id='word_1_110' title='bbox 568 1627 618 1685; x_wconf 89' lang='lat' dir='ltr'>hic</span> <span class='ocrx_word' id='word_1_111' title='bbox 634 1636 773 1686; x_wconf 88' lang='lat' dir='ltr'>armenta</span> <span class='ocrx_word' id='word_1_112' title='bbox 787 1645 958 1705; x_wconf 86' lang='lat' dir='ltr'>gregesque</span> 
     </span>
     <span class='ocr_line' id='line_1_16' title="bbox 124 1726 894 1800; baseline 0.003 -16"><span class='ocrx_word' id='word_1_113' title='bbox 124 1726 266 1788; x_wconf 92' lang='lat' dir='ltr'>horridus</span> <span class='ocrx_word' id='word_1_114' title='bbox 280 1727 421 1786; x_wconf 92' lang='lat' dir='ltr'>observo.</span> <span class='ocrx_word' id='word_1_115' title='bbox 466 1727 587 1800; x_wconf 70' lang='lat' dir='ltr'>Nescis</span> <span class='ocrx_word' id='word_1_116' title='bbox 606 1728 775 1800; x_wconf 86' lang='lat' dir='ltr'>temeraria,</span> <span class='ocrx_word' id='word_1_117' title='bbox 793 1729 894 1791; x_wconf 90' lang='lat' dir='ltr'>nescis</span> 
     </span>
     <span class='ocr_line' id='line_1_17' title="bbox 125 1826 1121 1905; baseline 0.001 -20"><span class='ocrx_word' id='word_1_118' title='bbox 125 1846 216 1904; x_wconf 90' lang='lat' dir='ltr'>quem</span> <span class='ocrx_word' id='word_1_119' title='bbox 231 1826 341 1904; x_wconf 84' lang='lat' dir='ltr'>fugias,</span> <span class='ocrx_word' id='word_1_120' title='bbox 359 1827 491 1904; x_wconf 92' lang='lat' dir='ltr'>ideoque</span> <span class='ocrx_word' id='word_1_121' title='bbox 507 1827 597 1905; x_wconf 78' lang='lat' dir='ltr'>fugis</span> <span class='ocrx_word' id='word_1_122' title='bbox 644 1828 722 1886; x_wconf 92' lang='lat' dir='ltr'>Mihi</span> <span class='ocrx_word' id='word_1_123' title='bbox 740 1829 892 1905; x_wconf 89' lang='lat' dir='ltr'>Delphica</span> <span class='ocrx_word' id='word_1_124' title='bbox 907 1829 998 1886; x_wconf 91' lang='lat' dir='ltr'>tellus</span> <span class='ocrx_word' id='word_1_125' title='bbox 1075 1838 1121 1892; x_wconf 81' lang='lat'>515</span> 
     </span>
     <span class='ocr_line' id='line_1_18' title="bbox 125 1927 911 2005; baseline -0.001 -17"><span class='ocrx_word' id='word_1_126' title='bbox 125 1936 156 1988; x_wconf 91' lang='lat' dir='ltr'>et</span> <span class='ocrx_word' id='word_1_127' title='bbox 172 1928 281 1987; x_wconf 91' lang='lat' dir='ltr'>Claros</span> <span class='ocrx_word' id='word_1_128' title='bbox 296 1936 327 1986; x_wconf 91' lang='lat' dir='ltr'>et</span> <span class='ocrx_word' id='word_1_129' title='bbox 343 1929 487 1986; x_wconf 90' lang='lat' dir='ltr'>Tenedos</span> <span class='ocrx_word' id='word_1_130' title='bbox 505 1931 695 2004; x_wconf 90' lang='lat' dir='ltr'>Patareaque</span> <span class='ocrx_word' id='word_1_131' title='bbox 711 1927 795 2005; x_wconf 88' lang='lat' dir='ltr'>regia</span> <span class='ocrx_word' id='word_1_132' title='bbox 810 1928 911 1988; x_wconf 89' lang='lat' dir='ltr'>servit.</span> 
     </span>
     <span class='ocr_line' id='line_1_19' title="bbox 126 2026 1013 2104; baseline 0.002 -19"><span class='ocrx_word' id='word_1_133' title='bbox 126 2026 266 2103; x_wconf 91' lang='lat' dir='ltr'>Iuppiter</span> <span class='ocrx_word' id='word_1_134' title='bbox 280 2036 328 2086; x_wconf 88' lang='lat' dir='ltr'>est</span> <span class='ocrx_word' id='word_1_135' title='bbox 341 2027 469 2104; x_wconf 87' lang='lat' dir='ltr'>genitor.</span> <span class='ocrx_word' id='word_1_136' title='bbox 516 2030 573 2088; x_wconf 91' lang='lat' dir='ltr'>Per</span> <span class='ocrx_word' id='word_1_137' title='bbox 588 2048 645 2098; x_wconf 90' lang='lat' dir='ltr'>me,</span> <span class='ocrx_word' id='word_1_138' title='bbox 663 2029 745 2104; x_wconf 90' lang='lat' dir='ltr'>quod</span> <span class='ocrx_word' id='word_1_139' title='bbox 761 2028 879 2104; x_wconf 86' lang='lat' dir='ltr'>eritque</span> <span class='ocrx_word' id='word_1_140' title='bbox 894 2028 1013 2102; x_wconf 82' lang='lat' dir='ltr'>luitque</span> 
     </span>
     <span class='ocr_line' id='line_1_20' title="bbox 125 2125 974 2202; baseline 0.001 -18"><span class='ocrx_word' id='word_1_141' title='bbox 125 2135 232 2202; x_wconf 89' lang='lat' dir='ltr'>estque</span> <span class='ocrx_word' id='word_1_142' title='bbox 248 2135 350 2202; x_wconf 82' lang='lat' dir='ltr'>patet3</span> <span class='ocrx_word' id='word_1_143' title='bbox 375 2145 429 2202; x_wconf 91' lang='lat' dir='ltr'>per</span> <span class='ocrx_word' id='word_1_144' title='bbox 444 2144 492 2182; x_wconf 91' lang='lat' dir='ltr'>me</span> <span class='ocrx_word' id='word_1_145' title='bbox 508 2126 697 2184; x_wconf 88' lang='lat' dir='ltr'>concordant</span> <span class='ocrx_word' id='word_1_146' title='bbox 712 2125 848 2184; x_wconf 88' lang='lat' dir='ltr'>carmina</span> <span class='ocrx_word' id='word_1_147' title='bbox 862 2125 974 2186; x_wconf 76' lang='lat' dir='ltr'>nervis,</span> 
     </span>
     <span class='ocr_line' id='line_1_21' title="bbox 126 2225 1001 2303; baseline 0 -20"><span class='ocrx_word' id='word_1_148' title='bbox 126 2229 220 2284; x_wconf 88' lang='lat' dir='ltr'>Certa</span> <span class='ocrx_word' id='word_1_149' title='bbox 235 2225 359 2301; x_wconf 88' lang='lat' dir='ltr'>quidem</span> <span class='ocrx_word' id='word_1_150' title='bbox 375 2235 480 2283; x_wconf 89' lang='lat' dir='ltr'>nostra</span> <span class='ocrx_word' id='word_1_151' title='bbox 495 2234 552 2298; x_wconf 85' lang='lat' dir='ltr'>est,</span> <span class='ocrx_word' id='word_1_152' title='bbox 570 2235 676 2284; x_wconf 88' lang='lat' dir='ltr'>nostra</span> <span class='ocrx_word' id='word_1_153' title='bbox 692 2235 794 2284; x_wconf 88' lang='lat' dir='ltr'>tamen</span> <span class='ocrx_word' id='word_1_154' title='bbox 811 2246 873 2284; x_wconf 91' lang='lat' dir='ltr'>una</span> <span class='ocrx_word' id='word_1_155' title='bbox 889 2225 1001 2303; x_wconf 88' lang='lat' dir='ltr'>sagitta</span> 
     </span>
     <span class='ocr_line' id='line_1_22' title="bbox 125 2325 1123 2406; baseline 0.005 -23"><span class='ocrx_word' id='word_1_156' title='bbox 125 2325 243 2398; x_wconf 86' lang='lat' dir='ltr'>certior,</span> <span class='ocrx_word' id='word_1_157' title='bbox 260 2325 290 2382; x_wconf 91' lang='lat' dir='ltr'>in</span> <span class='ocrx_word' id='word_1_158' title='bbox 306 2344 404 2383; x_wconf 91' lang='lat' dir='ltr'>vacuo</span> <span class='ocrx_word' id='word_1_159' title='bbox 421 2344 499 2400; x_wconf 91' lang='lat' dir='ltr'>quae</span> <span class='ocrx_word' id='word_1_160' title='bbox 515 2325 642 2383; x_wconf 90' lang='lat' dir='ltr'>vulnera</span> <span class='ocrx_word' id='word_1_161' title='bbox 657 2334 782 2402; x_wconf 90' lang='lat' dir='ltr'>pectore</span> <span class='ocrx_word' id='word_1_162' title='bbox 797 2325 879 2386; x_wconf 88' lang='lat' dir='ltr'>fecit.</span> <span class='ocrx_word' id='word_1_163' title='bbox 1075 2353 1123 2406; x_wconf 83' lang='lat'>520</span> 
     </span>
     <span class='ocr_line' id='line_1_23' title="bbox 127 2425 1019 2503; baseline -0.002 -19"><span class='ocrx_word' id='word_1_164' title='bbox 127 2425 462 2503; x_wconf 84' lang='lat' dir='ltr'>Inventurnmedicina</span> <span class='ocrx_word' id='word_1_165' title='bbox 477 2445 578 2484; x_wconf 92' lang='lat' dir='ltr'>meum</span> <span class='ocrx_word' id='word_1_166' title='bbox 594 2435 650 2498; x_wconf 89' lang='lat' dir='ltr'>est,</span> <span class='ocrx_word' id='word_1_167' title='bbox 668 2426 828 2502; x_wconf 81' lang='lat' dir='ltr'>opiferque</span> <span class='ocrx_word' id='word_1_168' title='bbox 844 2445 898 2503; x_wconf 92' lang='lat' dir='ltr'>per</span> <span class='ocrx_word' id='word_1_169' title='bbox 913 2427 1019 2485; x_wconf 92' lang='lat' dir='ltr'>orbem</span> 
     </span>
     <span class='ocr_line' id='line_1_24' title="bbox 126 2526 872 2602; baseline 0.003 -19"><span class='ocrx_word' id='word_1_170' title='bbox 126 2526 219 2598; x_wconf 86' lang='lat' dir='ltr'>dicor,</span> <span class='ocrx_word' id='word_1_171' title='bbox 237 2537 269 2585; x_wconf 90' lang='lat' dir='ltr'>et</span> <span class='ocrx_word' id='word_1_172' title='bbox 283 2526 446 2585; x_wconf 89' lang='lat' dir='ltr'>herbarum</span> <span class='ocrx_word' id='word_1_173' title='bbox 463 2527 602 2585; x_wconf 89' lang='lat' dir='ltr'>subiecta</span> <span class='ocrx_word' id='word_1_174' title='bbox 617 2526 759 2602; x_wconf 90' lang='lat' dir='ltr'>potentia</span> <span class='ocrx_word' id='word_1_175' title='bbox 773 2526 872 2585; x_wconf 79' lang='lat' dir='ltr'>nobis</span> 
     </span>
     <span class='ocr_line' id='line_1_25' title="bbox 127 2626 926 2703; baseline 0.001 -19"><span class='ocrx_word' id='word_1_176' title='bbox 127 2626 162 2684; x_wconf 90' lang='lat' dir='ltr'>Ei</span> <span class='ocrx_word' id='word_1_177' title='bbox 178 2626 260 2699; x_wconf 90' lang='lat' dir='ltr'>mihi,</span> <span class='ocrx_word' id='word_1_178' title='bbox 279 2627 362 2703; x_wconf 92' lang='lat' dir='ltr'>quod</span> <span class='ocrx_word' id='word_1_179' title='bbox 378 2627 470 2685; x_wconf 91' lang='lat' dir='ltr'>nullis</span> <span class='ocrx_word' id='word_1_180' title='bbox 486 2645 571 2685; x_wconf 92' lang='lat' dir='ltr'>amor</span> <span class='ocrx_word' id='word_1_181' title='bbox 586 2636 634 2685; x_wconf 92' lang='lat' dir='ltr'>est</span> <span class='ocrx_word' id='word_1_182' title='bbox 649 2626 797 2685; x_wconf 88' lang='lat' dir='ltr'>sanabilis</span> <span class='ocrx_word' id='word_1_183' title='bbox 813 2627 926 2699; x_wconf 79' lang='lat' dir='ltr'>herbiS,</span> 
     </span>
     <span class='ocr_line' id='line_1_26' title="bbox 125 2726 997 2803; baseline 0.003 -20"><span class='ocrx_word' id='word_1_184' title='bbox 125 2745 183 2785; x_wconf 90' lang='lat' dir='ltr'>nec</span> <span class='ocrx_word' id='word_1_185' title='bbox 198 2735 326 2803; x_wconf 90' lang='lat' dir='ltr'>prosunt</span> <span class='ocrx_word' id='word_1_186' title='bbox 341 2726 466 2785; x_wconf 89' lang='lat' dir='ltr'>domino</span> <span class='ocrx_word' id='word_1_187' title='bbox 481 2745 560 2802; x_wconf 91' lang='lat' dir='ltr'>quae</span> <span class='ocrx_word' id='word_1_188' title='bbox 576 2735 706 2802; x_wconf 88' lang='lat' dir='ltr'>prosunt</span> <span class='ocrx_word' id='word_1_189' title='bbox 718 2727 862 2784; x_wconf 88' lang='lat' dir='ltr'>omnibus</span> <span class='ocrx_word' id='word_1_190' title='bbox 879 2736 959 2785; x_wconf 89' lang='lat' dir='ltr'>artes</span> <span class='ocrx_word' id='word_1_191' title='bbox 972 2727 997 2786; x_wconf 88' lang='lat' dir='ltr'>l’</span> 
     </span>
    </p>

    <p class='ocr_par' dir='ltr' id='par_1_4' title="bbox 125 2819 1123 3304">
     <span class='ocr_line' id='line_1_27' title="bbox 169 2819 1123 2909; baseline -0.002 -24"><span class='ocrx_word' id='word_1_192' title='bbox 169 2827 259 2885; x_wconf 89' lang='lat' dir='ltr'>Plura</span> <span class='ocrx_word' id='word_1_193' title='bbox 275 2827 445 2886; x_wconf 90' lang='lat' dir='ltr'>locuturum</span> <span class='ocrx_word' id='word_1_194' title='bbox 461 2825 570 2885; x_wconf 89' lang='lat' dir='ltr'>timido</span> <span class='ocrx_word' id='word_1_195' title='bbox 588 2828 704 2885; x_wconf 86' lang='lat' dir='ltr'>Peneia</span> <span class='ocrx_word' id='word_1_196' title='bbox 721 2845 810 2885; x_wconf 91' lang='lat' dir='ltr'>cursu</span> <span class='ocrx_word' id='word_1_197' title='bbox 971 2819 974 2824; x_wconf 67' lang='grc'><strong>’</strong></span> <span class='ocrx_word' id='word_1_198' title='bbox 1076 2857 1123 2909; x_wconf 77' lang='lat'>525</span> 
     </span>
     <span class='ocr_line' id='line_1_28' title="bbox 125 2925 884 3004; baseline 0 -20"><span class='ocrx_word' id='word_1_199' title='bbox 125 2927 203 3004; x_wconf 80' lang='lat' dir='ltr'>fugit</span> <span class='ocrx_word' id='word_1_200' title='bbox 219 2947 350 3003; x_wconf 92' lang='lat' dir='ltr'>cumque</span> <span class='ocrx_word' id='word_1_201' title='bbox 366 2927 433 3003; x_wconf 88' lang='lat' dir='ltr'>ipso</span> <span class='ocrx_word' id='word_1_202' title='bbox 449 2927 543 2985; x_wconf 93' lang='lat' dir='ltr'>verba</span> <span class='ocrx_word' id='word_1_203' title='bbox 558 2925 739 3003; x_wconf 79' lang='lat' dir='ltr'>imperfecta</span> <span class='ocrx_word' id='word_1_204' title='bbox 755 2927 884 3003; x_wconf 90' lang='lat' dir='ltr'>reliquit,</span> 
     </span>
     <span class='ocr_line' id='line_1_29' title="bbox 125 3026 1016 3104; baseline 0 -19"><span class='ocrx_word' id='word_1_205' title='bbox 125 3036 190 3086; x_wconf 92' lang='lat' dir='ltr'>tum</span> <span class='ocrx_word' id='word_1_206' title='bbox 206 3047 328 3104; x_wconf 92' lang='lat' dir='ltr'>quoque</span> <span class='ocrx_word' id='word_1_207' title='bbox 343 3029 409 3086; x_wconf 89' lang='lat' dir='ltr'>visa</span> <span class='ocrx_word' id='word_1_208' title='bbox 425 3028 549 3086; x_wconf 83' lang='lat' dir='ltr'>decens,</span> <span class='ocrx_word' id='word_1_209' title='bbox 595 3028 766 3086; x_wconf 88' lang='lat' dir='ltr'>Nudabant</span> <span class='ocrx_word' id='word_1_210' title='bbox 782 3046 909 3103; x_wconf 89' lang='lat' dir='ltr'>corpora</span> <span class='ocrx_word' id='word_1_211' title='bbox 924 3026 1016 3099; x_wconf 91' lang='lat' dir='ltr'>venti,</span> 
     </span>
     <span class='ocr_line' id='line_1_30' title="bbox 126 3127 881 3204; baseline -0.003 -17"><span class='ocrx_word' id='word_1_212' title='bbox 126 3129 278 3204; x_wconf 91' lang='lat' dir='ltr'>obviaque</span> <span class='ocrx_word' id='word_1_213' title='bbox 293 3129 438 3187; x_wconf 90' lang='lat' dir='ltr'>adversas</span> <span class='ocrx_word' id='word_1_214' title='bbox 453 3127 615 3186; x_wconf 90' lang='lat' dir='ltr'>vibrabant</span> <span class='ocrx_word' id='word_1_215' title='bbox 630 3127 755 3185; x_wconf 89' lang='lat' dir='ltr'>flamina</span> <span class='ocrx_word' id='word_1_216' title='bbox 770 3136 881 3199; x_wconf 78' lang='lat' dir='ltr'>vesteS,</span> 
     </span>
     <span class='ocr_line' id='line_1_31' title="bbox 127 3227 859 3304; baseline -0.003 -17"><span class='ocrx_word' id='word_1_217' title='bbox 127 3237 157 3287; x_wconf 88' lang='lat' dir='ltr'>et</span> <span class='ocrx_word' id='word_1_218' title='bbox 172 3228 247 3286; x_wconf 89' lang='lat' dir='ltr'>levis</span> <span class='ocrx_word' id='word_1_219' title='bbox 264 3229 412 3304; x_wconf 90' lang='lat' dir='ltr'>impulsos</span> <span class='ocrx_word' id='word_1_220' title='bbox 426 3237 507 3286; x_wconf 89' lang='lat' dir='ltr'>retro</span> <span class='ocrx_word' id='word_1_221' title='bbox 524 3228 617 3286; x_wconf 90' lang='lat' dir='ltr'>dabat</span> <span class='ocrx_word' id='word_1_222' title='bbox 633 3246 707 3286; x_wconf 92' lang='lat' dir='ltr'>aura</span> <span class='ocrx_word' id='word_1_223' title='bbox 722 3227 859 3303; x_wconf 78' lang='lat' dir='ltr'>capi110S,</span> 
     </span>
    </p>
   </div>
   <div class='ocr_carea' id='block_1_3' title="bbox 0 0 1261 3682">
    <p class='ocr_par' dir='ltr' id='par_1_5' title="bbox 0 0 1261 3682">
     <span class='ocr_line' id='line_1_32' title="bbox 0 0 1261 3682; baseline 0 0"><span class='ocrx_word' id='word_1_224' title='bbox 0 0 1261 3682; x_wconf 95' lang='lat' dir='ltr'> </span> 
     </span>
    </p>
   </div>
  </div>
 </body>
</html>
